<record><header><identifier>oai:alma.41SLSP_UGE:991000019859705502</identifier><datestamp>2023-04-22T00:11:00Z</datestamp><setSpec>uge_bcen_RapidILL_BOOK</setSpec><setSpec>uge_aaca_RapidILL_BOOK</setSpec><setSpec>uge_abels_RapidILL_BOOK</setSpec><setSpec>uge_dbu_RapidILL_BOOK</setSpec><setSpec>uge_cmu_RapidILL_BOOK</setSpec><setSpec>uge_mail_RapidILL_BOOK</setSpec><setSpec>uge_abbat_RapidILL_BOOK</setSpec><setSpec>UNIGE_ALL</setSpec><setSpec>uge_aobs_RapidILL_BOOK</setSpec><setSpec>uge_acar_RapidILL_BOOK</setSpec></header><metadata>
<record xmlns="http://www.loc.gov/MARC21/slim" xmlns:xsi="http://www.w3.org/2001/XMLSchema-instance" xsi:schemaLocation="http://www.loc.gov/MARC21/slim http://www.loc.gov/standards/marcxml/schema/MARC21slim.xsd"><leader>03019nam a2200697uc 4500</leader><controlfield tag="001">991000019859705502</controlfield><controlfield tag="005">20230116201713.0</controlfield><controlfield tag="008">201012s1992    ne     |      00| ||ger|d</controlfield><datafield ind1=" " ind2=" " tag="020"><subfield code="a">0444857524</subfield></datafield><datafield ind1=" " ind2=" " tag="035"><subfield code="a">(swissbib)239051440-41slsp_network</subfield></datafield><datafield ind1=" " ind2=" " tag="035"><subfield code="a">239051440</subfield><subfield code="9">ExL</subfield></datafield><datafield ind1=" " ind2=" " tag="035"><subfield code="a">(NEBIS)001254415EBI01</subfield></datafield><datafield ind1=" " ind2=" " tag="035"><subfield code="a">(IDSBB)000889903DSV01</subfield></datafield><datafield ind1=" " ind2=" " tag="035"><subfield code="a">(RERO)1650263-41slsp</subfield></datafield><datafield ind1=" " ind2=" " tag="035"><subfield code="a">(EXLNZ-41SLSP_NETWORK)991051889089705501</subfield></datafield><datafield ind1=" " ind2=" " tag="040"><subfield code="a">ZBZ</subfield><subfield code="b">ger</subfield><subfield code="e">ETHICS-ISBD</subfield><subfield code="d">CH-ZuSLS</subfield></datafield><datafield ind1="0" ind2=" " tag="041"><subfield code="a">ger</subfield><subfield code="a">eng</subfield><subfield code="a">fre</subfield></datafield><datafield ind1=" " ind2=" " tag="044"><subfield code="a">ne</subfield><subfield code="a">xxk</subfield></datafield><datafield ind1=" " ind2="7" tag="072"><subfield code="a">kp</subfield><subfield code="2">SzZuIDS BS/BE</subfield></datafield><datafield ind1=" " ind2="7" tag="072"><subfield code="a">ht</subfield><subfield code="2">rero</subfield></datafield><datafield ind1="0" ind2="4" tag="082"><subfield code="a">937.09</subfield><subfield code="2">20</subfield></datafield><datafield ind1="0" ind2="4" tag="082"><subfield code="a">907.2</subfield></datafield><datafield ind1="0" ind2="4" tag="082"><subfield code="a">937.08</subfield></datafield><datafield ind1="1" ind2="4" tag="082"><subfield code="a">878.01</subfield></datafield><datafield ind1=" " ind2=" " tag="084"><subfield code="a">AX 33040</subfield><subfield code="2">rvk</subfield></datafield><datafield ind1=" " ind2=" " tag="084"><subfield code="a">FX 333005</subfield><subfield code="2">rvk</subfield></datafield><datafield ind1=" " ind2=" " tag="084"><subfield code="a">NH 3103</subfield><subfield code="2">rvk</subfield></datafield><datafield ind1="0" ind2="0" tag="245"><subfield code="a">Cognitio gestorum</subfield><subfield code="b">the historiographic art of Ammianus Marcellinus</subfield><subfield code="c">ed. by J. den Boeft, D. den Hengst and H. C. Teitler</subfield></datafield><datafield ind1=" " ind2="1" tag="264"><subfield code="a">Amsterdam</subfield><subfield code="b">North-Holland</subfield><subfield code="c">1992</subfield></datafield><datafield ind1=" " ind2=" " tag="300"><subfield code="a">IX, 130 S.</subfield><subfield code="c">25 cm</subfield></datafield><datafield ind1=" " ind2=" " tag="336"><subfield code="b">txt</subfield><subfield code="2">rdacontent</subfield></datafield><datafield ind1=" " ind2=" " tag="337"><subfield code="b">n</subfield><subfield code="2">rdamedia</subfield></datafield><datafield ind1=" " ind2=" " tag="338"><subfield code="b">nc</subfield><subfield code="2">rdacarrier</subfield></datafield><datafield ind1="1" ind2=" " tag="490"><subfield code="a">Verhandelingen / Koninklijke Nederlandse Akademie van Wetenschappen, Afdeling Letterkunde. Nieuwe reeks</subfield><subfield code="v">deel 148</subfield></datafield><datafield ind1=" " ind2=" " tag="500"><subfield code="a">Proceedings of a colloquium, Amsterdam, 26-28 August 1991</subfield></datafield><datafield ind1=" " ind2=" " tag="504"><subfield code="a">Literaturverz.</subfield></datafield><datafield ind1="0" ind2="7" tag="600"><subfield code="a">Ammianus (Marcellinus)</subfield><subfield code="2">idszbz</subfield></datafield><datafield ind1="0" ind2="7" tag="600"><subfield code="a">Ammianus</subfield><subfield code="c">Marcellinus</subfield><subfield code="d">330-395</subfield><subfield code="0">(DE-588)118502581</subfield><subfield code="2">gnd</subfield></datafield><datafield ind1="0" ind2="0" tag="600"><subfield code="a">Ammianus Marcellinus</subfield><subfield code="t">Rerum gestarum libri</subfield><subfield code="v">Congresses</subfield></datafield><datafield ind1="0" ind2="0" tag="600"><subfield code="a">Ammianus Marcellinus</subfield><subfield code="v">Congresses</subfield></datafield><datafield ind1="0" ind2="7" tag="600"><subfield code="a">Ammianus Marcellinus</subfield><subfield code="v">Kongressbericht</subfield><subfield code="2">idsbb</subfield></datafield><datafield ind1="0" ind2="7" tag="600"><subfield code="a">Ammien Marcellin</subfield><subfield code="d">0330?-0400?</subfield><subfield code="0">(IDREF)026684942</subfield><subfield code="2">idref</subfield></datafield><datafield ind1=" " ind2="7" tag="650"><subfield code="a">Geschichtsschreibung</subfield><subfield code="2">idszbz</subfield></datafield><datafield ind1=" " ind2="7" tag="650"><subfield code="a">Geschichtsschreibung</subfield><subfield code="0">(DE-588)4020531-9</subfield><subfield code="2">gnd</subfield></datafield><datafield ind1=" " ind2="7" tag="650"><subfield code="a">Kongress</subfield><subfield code="0">(DE-588)4130470-6</subfield><subfield code="2">gnd</subfield></datafield><datafield ind1=" " ind2="0" tag="650"><subfield code="a">Historiography</subfield><subfield code="v">Congresses</subfield></datafield><datafield ind1=" " ind2="7" tag="650"><subfield code="a">Histoire</subfield><subfield code="0">(IDREF)02726470X</subfield><subfield code="2">idref</subfield></datafield><datafield ind1=" " ind2="0" tag="651"><subfield code="a">Rome</subfield><subfield code="v">Congresses</subfield><subfield code="x">Historiography</subfield><subfield code="y">Empire, 284-476</subfield></datafield><datafield ind1=" " ind2="0" tag="651"><subfield code="a">Rome</subfield><subfield code="x">History</subfield><subfield code="y">Empire, 284-476</subfield><subfield code="x">Historiography</subfield><subfield code="v">Congresses</subfield></datafield><datafield ind1=" " ind2="7" tag="655"><subfield code="a">Aufsatzsammlung</subfield><subfield code="2">idszbz</subfield></datafield><datafield ind1=" " ind2="7" tag="655"><subfield code="a">Aufsatzsammlung</subfield><subfield code="2">gnd-content</subfield></datafield><datafield ind1=" " ind2="7" tag="655"><subfield code="a">Konferenzschrift</subfield><subfield code="z">Amsterdam</subfield><subfield code="y">1991</subfield><subfield code="2">gnd-content</subfield></datafield><datafield ind1=" " ind2="7" tag="655"><subfield code="a">Actes de congrès</subfield><subfield code="0">(IDREF)02886431X</subfield><subfield code="2">idref</subfield></datafield><datafield ind1="1" ind2=" " tag="700"><subfield code="a">Hengst, Daniël &lt;&lt;den&gt;&gt;</subfield><subfield code="d">1939-</subfield><subfield code="0">(DE-588)140133593</subfield></datafield><datafield ind1="1" ind2=" " tag="700"><subfield code="a">Teitler, H. C.</subfield><subfield code="d">1941-</subfield><subfield code="0">(DE-588)139609652</subfield></datafield><datafield ind1="1" ind2=" " tag="700"><subfield code="a">Boeft, Jan &lt;&lt;den&gt;&gt;</subfield><subfield code="d">1935-2019</subfield><subfield code="0">(DE-588)123469309</subfield><subfield code="6">880-04</subfield></datafield><datafield ind1="1" ind2=" " tag="880"><subfield code="6">700-04</subfield><subfield code="a">Boeft, Jan den</subfield><subfield code="d">1935-....</subfield><subfield code="0">(IDREF)028974506</subfield></datafield><datafield ind1="2" ind2=" " tag="710"><subfield code="a">Koninklijke Nederlandse Akademie van Wetenschappen</subfield><subfield code="b">Colloquium</subfield><subfield code="d">1991</subfield><subfield code="c">Amsterdam</subfield><subfield code="0">(RERO)A012442258</subfield></datafield><datafield ind1=" " ind2=" " tag="830"><subfield code="a">Verhandelingen</subfield><subfield code="p">Afdeling letterkunde</subfield><subfield code="p">Nieuwe reeks</subfield><subfield code="v">148</subfield><subfield code="w">(IDSBB)000028330DSV01</subfield></datafield><datafield ind1=" " ind2=" " tag="830"><subfield code="a">Verhandelingen der Koninklijke Nederlandse Akademie van Wetenschappen, Afd. Letterkunde</subfield><subfield code="p">Nieuwe reeks</subfield><subfield code="v">148</subfield><subfield code="w">(NEBIS)000536011EBI01</subfield></datafield><datafield ind1=" " ind2=" " tag="830"><subfield code="a">Verhandelingen der Koninklijke Nederlandse Akademie van Wetenschappen</subfield><subfield code="p">Afd. Letterkunde.</subfield><subfield code="p">Nieuwe reeks</subfield><subfield code="v">148</subfield><subfield code="w">(RERO)0137941-41slsp</subfield></datafield><datafield ind1=" " ind2=" " tag="900"><subfield code="a">REROnoselfmerge</subfield></datafield></record>
</metadata></record>