<record><header><identifier>oai:alma.41SLSP_UGE:991000019569705502</identifier><datestamp>2024-09-21T00:25:52Z</datestamp><setSpec>uge_bcen_RapidILL_BOOK</setSpec><setSpec>uge_aaca_RapidILL_BOOK</setSpec><setSpec>uge_abels_RapidILL_BOOK</setSpec><setSpec>uge_dbu_RapidILL_BOOK</setSpec><setSpec>uge_cmu_RapidILL_BOOK</setSpec><setSpec>uge_mail_RapidILL_BOOK</setSpec><setSpec>uge_abbat_RapidILL_BOOK</setSpec><setSpec>UNIGE_ALL</setSpec><setSpec>uge_aobs_RapidILL_BOOK</setSpec><setSpec>uge_acar_RapidILL_BOOK</setSpec></header><metadata>
<record xmlns="http://www.loc.gov/MARC21/slim" xmlns:xsi="http://www.w3.org/2001/XMLSchema-instance" xsi:schemaLocation="http://www.loc.gov/MARC21/slim http://www.loc.gov/standards/marcxml/schema/MARC21slim.xsd"><leader>01735nam a2200421 c 4500</leader><controlfield tag="001">991000019569705502</controlfield><controlfield tag="005">20240920185535.0</controlfield><controlfield tag="008">201011s1987    xxu||||| |||| 00| ||eng d</controlfield><datafield ind1=" " ind2=" " tag="020"><subfield code="a">0201114879</subfield></datafield><datafield ind1=" " ind2=" " tag="035"><subfield code="a">(swissbib)212020218-41slsp_network</subfield></datafield><datafield ind1=" " ind2=" " tag="035"><subfield code="a">212020218</subfield><subfield code="9">ExL</subfield></datafield><datafield ind1=" " ind2=" " tag="035"><subfield code="a">(RERO)1082151-41slsp</subfield></datafield><datafield ind1=" " ind2=" " tag="035"><subfield code="a">(IDSBB)000696759DSV01</subfield></datafield><datafield ind1=" " ind2=" " tag="035"><subfield code="a">(NEBIS)000387690EBI01</subfield></datafield><datafield ind1=" " ind2=" " tag="035"><subfield code="a">(EXLNZ-41SLSP_NETWORK)991029724659705501</subfield></datafield><datafield ind1=" " ind2=" " tag="040"><subfield code="a">RERO geussp</subfield><subfield code="d">CH-ZuSLS</subfield></datafield><datafield ind1=" " ind2="7" tag="072"><subfield code="a">py</subfield><subfield code="2">rero</subfield></datafield><datafield ind1=" " ind2="7" tag="072"><subfield code="a">py</subfield><subfield code="2">SzZuIDS BS/BE</subfield></datafield><datafield ind1="1" ind2="4" tag="082"><subfield code="a">530</subfield><subfield code="2">15</subfield></datafield><datafield ind1="0" ind2="0" tag="245"><subfield code="a">Experimental techniques in high energy physics</subfield><subfield code="c">[ed.] Thomas Ferbel</subfield></datafield><datafield ind1=" " ind2="1" tag="264"><subfield code="a">Redwood City Ca.</subfield><subfield code="a">Menlo Park Ca. [etc.]</subfield><subfield code="b">Addison-Wesley</subfield><subfield code="c">[1987]</subfield></datafield><datafield ind1=" " ind2="4" tag="264"><subfield code="c">© 1987</subfield></datafield><datafield ind1=" " ind2=" " tag="300"><subfield code="a">XVI, 678 p.</subfield><subfield code="b">ill.</subfield><subfield code="c">25 cm</subfield></datafield><datafield ind1=" " ind2=" " tag="336"><subfield code="b">txt</subfield><subfield code="2">rdacontent</subfield></datafield><datafield ind1=" " ind2=" " tag="337"><subfield code="b">n</subfield><subfield code="2">rdamedia</subfield></datafield><datafield ind1=" " ind2=" " tag="338"><subfield code="b">nc</subfield><subfield code="2">rdacarrier</subfield></datafield><datafield ind1="1" ind2=" " tag="490"><subfield code="a">Advanced book program</subfield></datafield><datafield ind1="1" ind2=" " tag="490"><subfield code="a">Frontiers in physics</subfield><subfield code="v">64</subfield></datafield><datafield ind1=" " ind2=" " tag="500"><subfield code="a">2. Aufl. erschienen unter dem Titel: Experimental techniques in high-energy nuclear and particle physics</subfield></datafield><datafield ind1=" " ind2=" " tag="504"><subfield code="a">Bibliogr</subfield></datafield><datafield ind1=" " ind2="7" tag="650"><subfield code="a">ERZEUGUNG VON HOCHENERGIETEILCHEN (KERNPHYSIKALISCHE METHODEN)</subfield><subfield code="9">ger</subfield><subfield code="0">(ETHUDK)000015309</subfield><subfield code="2">ethudk</subfield></datafield><datafield ind1=" " ind2="7" tag="650"><subfield code="a">HOCHENERGIEPHYSIK (TEILCHENPHYSIK)</subfield><subfield code="9">ger</subfield><subfield code="0">(ETHUDK)000015346</subfield><subfield code="2">ethudk</subfield></datafield><datafield ind1=" " ind2="7" tag="650"><subfield code="a">KERNPHYSIKALISCHE INSTRUMENTE UND NACHWEISMETHODEN</subfield><subfield code="9">ger</subfield><subfield code="0">(ETHUDK)000015290</subfield><subfield code="2">ethudk</subfield></datafield><datafield ind1=" " ind2=" " tag="690"><subfield code="a">539.1.074</subfield><subfield code="d">Zähler und Detektoren für Teilchen und Quanten (Kernphysikalische Methoden)</subfield><subfield code="2">uzb-UK</subfield></datafield><datafield ind1="1" ind2=" " tag="700"><subfield code="a">Ferbel, Thomas</subfield><subfield code="d">1937-....</subfield><subfield code="0">(IDREF)032349998</subfield></datafield><datafield ind1=" " ind2=" " tag="830"><subfield code="a">Frontiers in Physics</subfield><subfield code="v">64</subfield><subfield code="w">(RERO)0129258-41slsp</subfield></datafield><datafield ind1=" " ind2=" " tag="830"><subfield code="a">Frontiers in physics</subfield><subfield code="v">64</subfield><subfield code="w">(NEBIS)000027376EBI01</subfield></datafield><datafield ind1=" " ind2=" " tag="830"><subfield code="a">Advanced book program</subfield><subfield code="p">Addison-Wesley</subfield><subfield code="w">(RERO)0337194-41slsp</subfield></datafield><datafield ind1=" " ind2=" " tag="900"><subfield code="a">REROnoselfmerge</subfield></datafield></record>
</metadata></record>