<record><header><identifier>oai:alma.41SLSP_UGE:991000019779705502</identifier><datestamp>2023-12-21T01:21:03Z</datestamp><setSpec>uge_bcen_RapidILL_BOOK</setSpec><setSpec>uge_aaca_RapidILL_BOOK</setSpec><setSpec>uge_abels_RapidILL_BOOK</setSpec><setSpec>uge_dbu_RapidILL_BOOK</setSpec><setSpec>uge_cmu_RapidILL_BOOK</setSpec><setSpec>uge_mail_RapidILL_BOOK</setSpec><setSpec>uge_abbat_RapidILL_BOOK</setSpec><setSpec>UNIGE_ALL</setSpec><setSpec>uge_acar_RapidILL_BOOK</setSpec><setSpec>uge_aobs_RapidILL_BOOK</setSpec></header><metadata>
<record xmlns="http://www.loc.gov/MARC21/slim" xmlns:xsi="http://www.w3.org/2001/XMLSchema-instance" xsi:schemaLocation="http://www.loc.gov/MARC21/slim http://www.loc.gov/standards/marcxml/schema/MARC21slim.xsd"><leader>02497cam a2200553 a 4500</leader><controlfield tag="001">991000019779705502</controlfield><controlfield tag="005">20231220170625.0</controlfield><controlfield tag="008">201011s1995    fr  |||f |||| 000 0 fre d</controlfield><datafield ind1=" " ind2=" " tag="020"><subfield code="a">9782228889612</subfield></datafield><datafield ind1=" " ind2=" " tag="035"><subfield code="a">(swissbib)211377821-41slsp_network</subfield></datafield><datafield ind1=" " ind2=" " tag="035"><subfield code="a">(RERO)2108578-41slsp</subfield></datafield><datafield ind1=" " ind2=" " tag="035"><subfield code="a">(IDSBB)001271590DSV01</subfield></datafield><datafield ind1=" " ind2=" " tag="035"><subfield code="a">(NEBIS)008523069EBI01</subfield></datafield><datafield ind1=" " ind2=" " tag="035"><subfield code="a">(EXLNZ-41SLSP_NETWORK)991080248269705501</subfield></datafield><datafield ind1=" " ind2=" " tag="040"><subfield code="a">RERO frbcuc</subfield><subfield code="d">CH-ZuSLS VGE</subfield><subfield code="b">fre</subfield><subfield code="e">rda</subfield></datafield><datafield ind1=" " ind2="7" tag="072"><subfield code="a">et</subfield><subfield code="2">rero</subfield></datafield><datafield ind1=" " ind2="7" tag="072"><subfield code="a">dr</subfield><subfield code="2">rero</subfield></datafield><datafield ind1=" " ind2="7" tag="072"><subfield code="a">et</subfield><subfield code="2">SzZuIDS BS/BE</subfield></datafield><datafield ind1="7" ind2="4" tag="082"><subfield code="a">300</subfield><subfield code="2">23sdnb</subfield></datafield><datafield ind1="1" ind2=" " tag="100"><subfield code="6">880-01</subfield><subfield code="a">Chebel, Malek</subfield><subfield code="d">1953-2016</subfield><subfield code="0">(IDREF)028293967</subfield><subfield code="4">aut</subfield></datafield><datafield ind1="1" ind2=" " tag="880"><subfield code="6">100-01</subfield><subfield code="a">Chebel, Malek</subfield><subfield code="d">1954-2016</subfield><subfield code="0">(DE-588)115731083</subfield></datafield><datafield ind1="1" ind2="0" tag="245"><subfield code="a">&lt;&lt;L'&gt;&gt;esprit de sérail</subfield><subfield code="b">mythes et pratiques sexuels au Maghreb</subfield><subfield code="c">Malek Chebel</subfield></datafield><datafield ind1=" " ind2=" " tag="250"><subfield code="a">Edition revue et corrigée</subfield></datafield><datafield ind1=" " ind2="1" tag="264"><subfield code="a">Paris</subfield><subfield code="b">Payot &amp; Rivages</subfield><subfield code="c">1995</subfield></datafield><datafield ind1=" " ind2=" " tag="300"><subfield code="a">II, 231 pages</subfield><subfield code="c">19 cm</subfield><subfield code="b">illustrations</subfield></datafield><datafield ind1=" " ind2=" " tag="336"><subfield code="b">txt</subfield><subfield code="2">rdacontent</subfield></datafield><datafield ind1=" " ind2=" " tag="337"><subfield code="b">n</subfield><subfield code="2">rdamedia</subfield></datafield><datafield ind1=" " ind2=" " tag="338"><subfield code="b">nc</subfield><subfield code="2">rdacarrier</subfield></datafield><datafield ind1="1" ind2=" " tag="490"><subfield code="a">Histoire générale des mentalités dans le monde arabe et en islam / Malek Chebel</subfield><subfield code="v">2</subfield></datafield><datafield ind1="1" ind2=" " tag="490"><subfield code="a">Petite bibliothèque Payot. [Nouvelle présentation]</subfield><subfield code="v">265</subfield></datafield><datafield ind1=" " ind2=" " tag="500"><subfield code="a">La première édition de cet ouvrage portait en sous-titre: &quot;Perversions et marginalités sexuelles au Maghreb&quot;</subfield></datafield><datafield ind1=" " ind2=" " tag="504"><subfield code="a">Bibliographie : p. 215-229</subfield></datafield><datafield ind1=" " ind2="7" tag="650"><subfield code="a">Perversion sexuelle</subfield><subfield code="0">(IDREF)027246515</subfield><subfield code="2">idref</subfield></datafield><datafield ind1=" " ind2="7" tag="650"><subfield code="a">Relations hommes-femmes</subfield><subfield code="0">(IDREF)027291731</subfield><subfield code="2">idref</subfield></datafield><datafield ind1=" " ind2="7" tag="650"><subfield code="a">Moeurs et coutumes</subfield><subfield code="0">(IDREF)027239640</subfield><subfield code="2">idref</subfield></datafield><datafield ind1=" " ind2="7" tag="650"><subfield code="a">Sexualité</subfield><subfield code="0">(IDREF)027248720</subfield><subfield code="2">idref</subfield></datafield><datafield ind1=" " ind2="7" tag="650"><subfield code="a">Érotisme</subfield><subfield code="0">(IDREF)05058748X</subfield><subfield code="2">idref</subfield></datafield><datafield ind1=" " ind2="7" tag="650"><subfield code="a">Sexualität</subfield><subfield code="z">Maghreb</subfield><subfield code="2">idsbb</subfield></datafield><datafield ind1=" " ind2="7" tag="651"><subfield code="a">Afrique du Nord</subfield><subfield code="0">(IDREF)027218597</subfield><subfield code="2">idref</subfield></datafield><datafield ind1=" " ind2=" " tag="690"><subfield code="a">779.05</subfield><subfield code="d">Islam</subfield><subfield code="2">uzb-UI</subfield></datafield><datafield ind1=" " ind2=" " tag="690"><subfield code="a">*MW01</subfield><subfield code="d">Morocco - Marokko</subfield><subfield code="2">uzb-UI</subfield></datafield><datafield ind1=" " ind2=" " tag="690"><subfield code="a">831</subfield><subfield code="d">Sexuality - Sexualität</subfield><subfield code="2">uzb-UI</subfield></datafield><datafield ind1=" " ind2=" " tag="690"><subfield code="a">838</subfield><subfield code="d">Homosexuality - Homosexualität</subfield><subfield code="2">uzb-UI</subfield></datafield><datafield ind1=" " ind2=" " tag="690"><subfield code="a">834</subfield><subfield code="d">General sex restrictions - sexuelle Einschränkungen</subfield><subfield code="2">uzb-UI</subfield></datafield><datafield ind1=" " ind2=" " tag="690"><subfield code="a">826</subfield><subfield code="d">Ethnoanatomy - Ethnoanatomie</subfield><subfield code="2">uzb-UI</subfield></datafield><datafield ind1=" " ind2=" " tag="690"><subfield code="a">181</subfield><subfield code="d">Ethos - kulturelle Werte (allg.)</subfield><subfield code="2">uzb-UI</subfield></datafield><datafield ind1=" " ind2=" " tag="690"><subfield code="a">183</subfield><subfield code="d">Norms - kulturelle Normen</subfield><subfield code="2">uzb-UI</subfield></datafield><datafield ind1=" " ind2=" " tag="830"><subfield code="a">Histoire générale des mentalités dans le monde arabe et en Islam</subfield><subfield code="v">2</subfield><subfield code="w">991001990719705501</subfield></datafield><datafield ind1=" " ind2=" " tag="830"><subfield code="a">Petite bibliothèque Payot</subfield><subfield code="p">Nouvelle présentation</subfield><subfield code="v">265</subfield><subfield code="w">991010857279705501</subfield></datafield><datafield ind1="1" ind2=" " tag="800"><subfield code="a">Chebel, Malek</subfield><subfield code="d">1953-2016</subfield><subfield code="t">Histoire générale des mentalités dans le monde arabe et en Islam</subfield><subfield code="v">2</subfield><subfield code="w">(RERO)2275685-41slsp</subfield></datafield></record>
</metadata></record>