<record><header><identifier>oai:alma.41SLSP_UGE:991000019669705502</identifier><datestamp>2024-03-21T01:19:05Z</datestamp><setSpec>uge_bcen_RapidILL_BOOK</setSpec><setSpec>uge_aaca_RapidILL_BOOK</setSpec><setSpec>uge_abels_RapidILL_BOOK</setSpec><setSpec>uge_dbu_RapidILL_BOOK</setSpec><setSpec>uge_cmu_RapidILL_BOOK</setSpec><setSpec>uge_mail_RapidILL_BOOK</setSpec><setSpec>uge_abbat_RapidILL_BOOK</setSpec><setSpec>UNIGE_ALL</setSpec><setSpec>uge_aobs_RapidILL_BOOK</setSpec><setSpec>uge_acar_RapidILL_BOOK</setSpec></header><metadata>
<record xmlns="http://www.loc.gov/MARC21/slim" xmlns:xsi="http://www.w3.org/2001/XMLSchema-instance" xsi:schemaLocation="http://www.loc.gov/MARC21/slim http://www.loc.gov/standards/marcxml/schema/MARC21slim.xsd"><leader>01304nam a22002652c 4500</leader><controlfield tag="001">991000019669705502</controlfield><controlfield tag="005">20240320222723.0</controlfield><controlfield tag="008">131219s1769    gw ||||| |||| 00| ||ger d</controlfield><datafield ind1=" " ind2=" " tag="035"><subfield code="a">(swissbib)118771361-41slsp_network</subfield></datafield><datafield ind1=" " ind2=" " tag="035"><subfield code="a">118771361</subfield><subfield code="9">ExL</subfield></datafield><datafield ind1=" " ind2=" " tag="035"><subfield code="a">(RERO)R007585142-41slsp</subfield></datafield><datafield ind1=" " ind2=" " tag="035"><subfield code="a">(EXLNZ-41SLSP_NETWORK)991045299889705501</subfield></datafield><datafield ind1=" " ind2=" " tag="040"><subfield code="a">GBVCP</subfield><subfield code="d">CH-ZuSLS</subfield></datafield><datafield ind1=" " ind2="7" tag="072"><subfield code="a">th</subfield><subfield code="2">rero</subfield></datafield><datafield ind1="1" ind2=" " tag="100"><subfield code="a">Lingke, Johann Theodor</subfield><subfield code="0">(RERO)A023978214</subfield><subfield code="4">cre</subfield></datafield><datafield ind1="1" ind2="0" tag="245"><subfield code="a">D. Martin Luthers merkwürdige Reisegeschichte</subfield><subfield code="b">zu Ergänzung seiner Lebensumstände und Erläuterung der Reformationsgeschichte aus bewährten Schriften und zum Theil ungedruckten Nachrichten beschrieben und nach dem Jubiläo des Reformationsfestes in Sachsen herausgegeben</subfield><subfield code="c">von Johann Theodor Lingke</subfield></datafield><datafield ind1=" " ind2="1" tag="264"><subfield code="a">Leipzig</subfield><subfield code="b">Friedrich Gotthold Jacobäer</subfield><subfield code="c">1769</subfield></datafield><datafield ind1=" " ind2=" " tag="300"><subfield code="a">[6] Bl., 354 S</subfield><subfield code="b">Ill</subfield><subfield code="c">22 cm</subfield></datafield><datafield ind1=" " ind2=" " tag="336"><subfield code="b">txt</subfield><subfield code="2">rdacontent</subfield></datafield><datafield ind1=" " ind2=" " tag="337"><subfield code="b">n</subfield><subfield code="2">rdamedia</subfield></datafield><datafield ind1=" " ind2=" " tag="338"><subfield code="b">nc</subfield><subfield code="2">rdacarrier</subfield></datafield><datafield ind1=" " ind2=" " tag="500"><subfield code="a">Relié avec: Keil, Friedrich Siegemund. - Des seligen Zeugen Gottes, D. Martin Luthers merkwürdige Lebens-Umstände bei seiner medicinalischen Leibesconstitution [...]</subfield></datafield><datafield ind1="1" ind2="7" tag="600"><subfield code="a">Luther, Martin</subfield><subfield code="d">1483-1546</subfield><subfield code="0">(IDREF)026998416</subfield><subfield code="2">idref</subfield></datafield><datafield ind1=" " ind2="7" tag="655"><subfield code="a">Ouvrages avant 1800</subfield><subfield code="0">(IDREF)027797376</subfield><subfield code="2">idref</subfield></datafield><datafield ind1=" " ind2=" " tag="900"><subfield code="a">REROswissbibnomerge</subfield></datafield><datafield ind1=" " ind2=" " tag="910"><subfield code="a">OCoLC</subfield><subfield code="b">20131219</subfield><subfield code="c">Droits réservés</subfield></datafield></record>
</metadata></record>