<record><header><identifier>oai:alma.41SLSP_UGE:991000051709705502</identifier><datestamp>2023-03-01T01:08:52Z</datestamp><setSpec>uge_bcen_RapidILL_BOOK</setSpec><setSpec>uge_aaca_RapidILL_BOOK</setSpec><setSpec>uge_abels_RapidILL_BOOK</setSpec><setSpec>uge_dbu_RapidILL_BOOK</setSpec><setSpec>uge_cmu_RapidILL_BOOK</setSpec><setSpec>uge_mail_RapidILL_BOOK</setSpec><setSpec>UNIGE_ALL</setSpec><setSpec>uge_abbat_RapidILL_BOOK</setSpec><setSpec>uge_aobs_RapidILL_BOOK</setSpec><setSpec>uge_acar_RapidILL_BOOK</setSpec></header><metadata>
<record xmlns="http://www.loc.gov/MARC21/slim" xmlns:xsi="http://www.w3.org/2001/XMLSchema-instance" xsi:schemaLocation="http://www.loc.gov/MARC21/slim http://www.loc.gov/standards/marcxml/schema/MARC21slim.xsd"><leader>01494nam a2200433 c 4500</leader><controlfield tag="001">991000051709705502</controlfield><controlfield tag="005">20210207212831.0</controlfield><controlfield tag="008">201011t19901990gw ||||| |||| 00| ||eng d</controlfield><datafield ind1=" " ind2=" " tag="010"><subfield code="a">15012910</subfield></datafield><datafield ind1=" " ind2=" " tag="020"><subfield code="a">3540524290</subfield><subfield code="q">Berlin ...</subfield></datafield><datafield ind1=" " ind2=" " tag="020"><subfield code="a">0387524290</subfield><subfield code="q">New York ...</subfield></datafield><datafield ind1=" " ind2=" " tag="035"><subfield code="a">(swissbib)225418428-41slsp_network</subfield></datafield><datafield ind1=" " ind2=" " tag="035"><subfield code="a">225418428</subfield><subfield code="9">ExL</subfield></datafield><datafield ind1=" " ind2=" " tag="035"><subfield code="a">(RERO)1277328-41slsp</subfield></datafield><datafield ind1=" " ind2=" " tag="035"><subfield code="a">(NEBIS)000551279EBI01</subfield></datafield><datafield ind1=" " ind2=" " tag="035"><subfield code="a">(EXLNZ-41SLSP_NETWORK)991138619399705501</subfield></datafield><datafield ind1=" " ind2=" " tag="040"><subfield code="a">RERO geucmu</subfield><subfield code="d">CH-ZuSLS</subfield></datafield><datafield ind1=" " ind2="7" tag="072"><subfield code="a">bi</subfield><subfield code="2">rero</subfield></datafield><datafield ind1=" " ind2="7" tag="072"><subfield code="a">me</subfield><subfield code="2">rero</subfield></datafield><datafield ind1="0" ind2="4" tag="082"><subfield code="a">576.6484</subfield><subfield code="2">20</subfield></datafield><datafield ind1="0" ind2="0" tag="245"><subfield code="a">Picornaviruses</subfield><subfield code="c">ed. by V.R. Racaniello</subfield></datafield><datafield ind1=" " ind2="1" tag="264"><subfield code="a">Berlin</subfield><subfield code="a">Heidelberg [etc.]</subfield><subfield code="b">Springer</subfield><subfield code="c">[1990]</subfield></datafield><datafield ind1=" " ind2="4" tag="264"><subfield code="c">© 1990</subfield></datafield><datafield ind1=" " ind2=" " tag="300"><subfield code="a">VI, 192 S.</subfield><subfield code="c">25 cm</subfield><subfield code="b">Ill.</subfield></datafield><datafield ind1=" " ind2=" " tag="336"><subfield code="b">txt</subfield><subfield code="2">rdacontent</subfield></datafield><datafield ind1=" " ind2=" " tag="337"><subfield code="b">n</subfield><subfield code="2">rdamedia</subfield></datafield><datafield ind1=" " ind2=" " tag="338"><subfield code="b">nc</subfield><subfield code="2">rdacarrier</subfield></datafield><datafield ind1="1" ind2=" " tag="490"><subfield code="a">Current topics in microbiology and immunology</subfield><subfield code="v">161</subfield></datafield><datafield ind1=" " ind2="2" tag="650"><subfield code="a">Picornaviridae</subfield><subfield code="x">immunology</subfield></datafield><datafield ind1=" " ind2="2" tag="650"><subfield code="a">Poliovirus</subfield><subfield code="x">genetics</subfield></datafield><datafield ind1=" " ind2="7" tag="650"><subfield code="a">Picornaviren</subfield><subfield code="2">idszbz</subfield></datafield><datafield ind1=" " ind2="7" tag="650"><subfield code="a">Picornaviren</subfield><subfield code="0">(DE-588)4231332-6</subfield><subfield code="2">gnd</subfield></datafield><datafield ind1=" " ind2="0" tag="650"><subfield code="a">Picornaviruses</subfield></datafield><datafield ind1=" " ind2="7" tag="650"><subfield code="a">MOLEKULARE VIROLOGIE</subfield><subfield code="9">ger</subfield><subfield code="0">(ETHUDK)000023027</subfield><subfield code="2">ethudk</subfield></datafield><datafield ind1=" " ind2="7" tag="650"><subfield code="a">PICORNAVIRIDAE (VIROLOGIE)</subfield><subfield code="9">ger</subfield><subfield code="0">(ETHUDK)000023108</subfield><subfield code="2">ethudk</subfield></datafield><datafield ind1=" " ind2="7" tag="650"><subfield code="a">VIRALE GENETIK (VIROLOGIE)</subfield><subfield code="9">ger</subfield><subfield code="0">(ETHUDK)000023049</subfield><subfield code="2">ethudk</subfield></datafield><datafield ind1=" " ind2="7" tag="655"><subfield code="a">Aufsatzsammlung</subfield><subfield code="2">idszbz</subfield></datafield><datafield ind1="1" ind2=" " tag="700"><subfield code="a">Racaniello, Vincent R</subfield><subfield code="0">(IDREF)031662935</subfield></datafield><datafield ind1=" " ind2="0" tag="830"><subfield code="a">Current topics in microbiology and immunology</subfield><subfield code="v">161</subfield><subfield code="w">(NEBIS)000022558EBI01</subfield></datafield><datafield ind1=" " ind2=" " tag="900"><subfield code="a">REROnoselfmerge</subfield></datafield></record>
</metadata></record><record><header status="deleted"><identifier>oai:alma.41SLSP_UGE:991000002579705502</identifier><datestamp>2024-10-03T00:09:20Z</datestamp><setSpec>uge_cmu_RapidILL_JOURNAL</setSpec><setSpec>uge_aobs_RapidILL_JOURNAL</setSpec><setSpec>uge_aaca_RapidILL_JOURNAL</setSpec><setSpec>uge_bcen_RapidILL_JOURNAL</setSpec><setSpec>uge_abbat_RapidILL_JOURNAL</setSpec><setSpec>uge_dbu_RapidILL_JOURNAL</setSpec><setSpec>uge_mail_RapidILL_JOURNAL</setSpec><setSpec>uge_abels_RapidILL_JOURNAL</setSpec><setSpec>UNIGE_ALL</setSpec><setSpec>uge_acar_RapidILL_JOURNAL</setSpec></header></record>