<record><header><identifier>oai:alma.41SLSP_UGE:991000052229705502</identifier><datestamp>2023-03-01T01:08:52Z</datestamp><setSpec>uge_bcen_RapidILL_BOOK</setSpec><setSpec>uge_aaca_RapidILL_BOOK</setSpec><setSpec>uge_abels_RapidILL_BOOK</setSpec><setSpec>uge_dbu_RapidILL_BOOK</setSpec><setSpec>uge_cmu_RapidILL_BOOK</setSpec><setSpec>uge_mail_RapidILL_BOOK</setSpec><setSpec>UNIGE_ALL</setSpec><setSpec>uge_abbat_RapidILL_BOOK</setSpec><setSpec>uge_aobs_RapidILL_BOOK</setSpec><setSpec>uge_acar_RapidILL_BOOK</setSpec></header><metadata>
<record xmlns="http://www.loc.gov/MARC21/slim" xmlns:xsi="http://www.w3.org/2001/XMLSchema-instance" xsi:schemaLocation="http://www.loc.gov/MARC21/slim http://www.loc.gov/standards/marcxml/schema/MARC21slim.xsd"><leader>00861nam a2200241 c 4500</leader><controlfield tag="001">991000052229705502</controlfield><controlfield tag="005">20201227162057.0</controlfield><controlfield tag="008">170502s2014    sz ||||| m||| 00| ||fre d</controlfield><datafield ind1=" " ind2=" " tag="035"><subfield code="a">(swissbib)123825849-41slsp_network</subfield></datafield><datafield ind1=" " ind2=" " tag="035"><subfield code="a">123825849</subfield><subfield code="9">ExL</subfield></datafield><datafield ind1=" " ind2=" " tag="035"><subfield code="a">(RERO)R008638004-41slsp</subfield></datafield><datafield ind1=" " ind2=" " tag="035"><subfield code="a">(EXLNZ-41SLSP_NETWORK)991001594749705501</subfield></datafield><datafield ind1=" " ind2=" " tag="040"><subfield code="a">RERO geullg</subfield><subfield code="d">CH-ZuSLS</subfield></datafield><datafield ind1=" " ind2=" " tag="044"><subfield code="a">sz</subfield><subfield code="c">ch-ge</subfield></datafield><datafield ind1=" " ind2="7" tag="072"><subfield code="a">lg</subfield><subfield code="2">rero</subfield></datafield><datafield ind1="1" ind2=" " tag="100"><subfield code="a">Hovhannisyan, Ofelia</subfield><subfield code="0">(RERO)A026916388</subfield><subfield code="4">cre</subfield></datafield><datafield ind1="1" ind2="0" tag="245"><subfield code="a">Learning a foreign language through another foreign language</subfield><subfield code="b">the case of English in English-Russian textbooks used between 1987 and 1998 in Armenia</subfield><subfield code="c">Ofelia Hovhannisyan</subfield></datafield><datafield ind1=" " ind2="1" tag="264"><subfield code="a">[Genève]</subfield><subfield code="b">Université de Genève</subfield><subfield code="c">2014</subfield></datafield><datafield ind1=" " ind2=" " tag="300"><subfield code="a">98 f.</subfield><subfield code="b">ill.</subfield></datafield><datafield ind1=" " ind2=" " tag="336"><subfield code="b">txt</subfield><subfield code="2">rdacontent</subfield></datafield><datafield ind1=" " ind2=" " tag="337"><subfield code="b">n</subfield><subfield code="2">rdamedia</subfield></datafield><datafield ind1=" " ind2=" " tag="338"><subfield code="b">nc</subfield><subfield code="2">rdacarrier</subfield></datafield><datafield ind1=" " ind2=" " tag="502"><subfield code="a">Mémoire de master Univ. de Genève, 2014</subfield></datafield><datafield ind1=" " ind2=" " tag="900"><subfield code="a">REROnoselfmerge</subfield></datafield></record>
</metadata></record>