<record><header><identifier>oai:alma.41SLSP_UGE:991000002679705502</identifier><datestamp>2023-03-01T01:08:52Z</datestamp><setSpec>uge_bcen_RapidILL_BOOK</setSpec><setSpec>uge_aaca_RapidILL_BOOK</setSpec><setSpec>uge_abels_RapidILL_BOOK</setSpec><setSpec>uge_dbu_RapidILL_BOOK</setSpec><setSpec>uge_cmu_RapidILL_BOOK</setSpec><setSpec>uge_mail_RapidILL_BOOK</setSpec><setSpec>UNIGE_ALL</setSpec><setSpec>uge_abbat_RapidILL_BOOK</setSpec><setSpec>uge_aobs_RapidILL_BOOK</setSpec><setSpec>uge_acar_RapidILL_BOOK</setSpec></header><metadata>
<record xmlns="http://www.loc.gov/MARC21/slim" xmlns:xsi="http://www.w3.org/2001/XMLSchema-instance" xsi:schemaLocation="http://www.loc.gov/MARC21/slim http://www.loc.gov/standards/marcxml/schema/MARC21slim.xsd"><leader>01045nem a2200277 c 4500</leader><controlfield tag="001">991000002679705502</controlfield><controlfield tag="005">20201227140955.0</controlfield><controlfield tag="007">aj |||||</controlfield><controlfield tag="008">000831m19701972sz |||||| |     |   ger d</controlfield><datafield ind1=" " ind2=" " tag="035"><subfield code="a">(swissbib)090283880-41slsp_network</subfield></datafield><datafield ind1=" " ind2=" " tag="035"><subfield code="a">090283880</subfield><subfield code="9">ExL</subfield></datafield><datafield ind1=" " ind2=" " tag="035"><subfield code="a">(RERO)2067428-41slsp</subfield></datafield><datafield ind1=" " ind2=" " tag="035"><subfield code="a">(EXLNZ-41SLSP_NETWORK)991121820559705501</subfield></datafield><datafield ind1=" " ind2=" " tag="040"><subfield code="a">RERO geubib</subfield><subfield code="d">CH-ZuSLS</subfield></datafield><datafield ind1="0" ind2=" " tag="041"><subfield code="a">ger</subfield><subfield code="a">fre</subfield><subfield code="a">ita</subfield></datafield><datafield ind1=" " ind2="7" tag="072"><subfield code="a">se</subfield><subfield code="2">rero</subfield></datafield><datafield ind1=" " ind2="7" tag="072"><subfield code="a">go</subfield><subfield code="2">rero</subfield></datafield><datafield ind1="0" ind2="0" tag="245"><subfield code="a">Atlas der Schweiz</subfield><subfield code="n">39-40a</subfield><subfield code="p">Städtische Siedlungen</subfield><subfield code="b">= Atlas de la Suisse. 39-40a, Habitat urbain, exemples = Atlante della Svizzera. 39-40a, Centri urbani</subfield><subfield code="c">Gesamtleitung und Präsident der Redaktionskommission Ernst Spiess</subfield></datafield><datafield ind1="1" ind2=" " tag="246"><subfield code="a">Habitat urbain, exemples</subfield></datafield><datafield ind1="1" ind2=" " tag="246"><subfield code="a">Centri urbani</subfield></datafield><datafield ind1=" " ind2="1" tag="264"><subfield code="a">Wabern-Berne</subfield><subfield code="b">Ed. de l'Office fédéral de topographie</subfield><subfield code="c">1970-1972</subfield></datafield><datafield ind1=" " ind2=" " tag="300"><subfield code="a">4 cartes.</subfield><subfield code="b">Ill., cartes</subfield><subfield code="c">52 cm</subfield></datafield><datafield ind1=" " ind2=" " tag="336"><subfield code="b">cri</subfield><subfield code="2">rdacontent</subfield></datafield><datafield ind1=" " ind2=" " tag="337"><subfield code="b">n</subfield><subfield code="2">rdamedia</subfield></datafield><datafield ind1=" " ind2=" " tag="338"><subfield code="b">nb</subfield><subfield code="2">rdacarrier</subfield></datafield><datafield ind1=" " ind2="0" tag="830"><subfield code="a">Atlas der Schweiz = Atlas de la Suisse = Atlante della Svizzera</subfield><subfield code="v">39-40</subfield></datafield><datafield ind1=" " ind2=" " tag="900"><subfield code="a">REROnoselfmerge</subfield></datafield></record>
</metadata></record>