<record><header><identifier>oai:alma.41SLSP_UGE:991000019979705502</identifier><datestamp>2023-03-01T01:08:52Z</datestamp><setSpec>uge_bcen_RapidILL_BOOK</setSpec><setSpec>uge_aaca_RapidILL_BOOK</setSpec><setSpec>uge_abels_RapidILL_BOOK</setSpec><setSpec>uge_dbu_RapidILL_BOOK</setSpec><setSpec>uge_cmu_RapidILL_BOOK</setSpec><setSpec>uge_mail_RapidILL_BOOK</setSpec><setSpec>UNIGE_ALL</setSpec><setSpec>uge_abbat_RapidILL_BOOK</setSpec><setSpec>uge_aobs_RapidILL_BOOK</setSpec><setSpec>uge_acar_RapidILL_BOOK</setSpec></header><metadata>
<record xmlns="http://www.loc.gov/MARC21/slim" xmlns:xsi="http://www.w3.org/2001/XMLSchema-instance" xsi:schemaLocation="http://www.loc.gov/MARC21/slim http://www.loc.gov/standards/marcxml/schema/MARC21slim.xsd"><leader>01104nam a2200301 c 4500</leader><controlfield tag="001">991000019979705502</controlfield><controlfield tag="005">20211121075421.0</controlfield><controlfield tag="008">011010s2001    fr ||||| |||| 00| ||fre d</controlfield><datafield ind1=" " ind2=" " tag="020"><subfield code="a">2854807529</subfield></datafield><datafield ind1=" " ind2=" " tag="035"><subfield code="a">(swissbib)097191922-41slsp_network</subfield></datafield><datafield ind1=" " ind2=" " tag="035"><subfield code="a">097191922</subfield><subfield code="9">ExL</subfield></datafield><datafield ind1=" " ind2=" " tag="035"><subfield code="a">(RERO)R003097328-41slsp</subfield></datafield><datafield ind1=" " ind2=" " tag="035"><subfield code="a">(EXLNZ-41SLSP_NETWORK)991059251249705501</subfield></datafield><datafield ind1=" " ind2=" " tag="040"><subfield code="a">RERO vsbcvs</subfield><subfield code="d">CH-ZuSLS</subfield></datafield><datafield ind1=" " ind2="7" tag="072"><subfield code="a">sp</subfield><subfield code="2">rero</subfield></datafield><datafield ind1="0" ind2="0" tag="245"><subfield code="a">France-Allemagne</subfield><subfield code="b">un tandem en panne ?</subfield><subfield code="c">dir. par Roland Hureaux ; avec le concours d'Agnès Guy et Françoise Brague</subfield></datafield><datafield ind1=" " ind2="1" tag="264"><subfield code="a">Condé-sur-Noireau</subfield><subfield code="b">Corlet</subfield><subfield code="c">2001</subfield></datafield><datafield ind1=" " ind2=" " tag="300"><subfield code="a">231 p.</subfield><subfield code="b">ill.</subfield><subfield code="c">24 cm</subfield></datafield><datafield ind1=" " ind2=" " tag="336"><subfield code="b">txt</subfield><subfield code="2">rdacontent</subfield></datafield><datafield ind1=" " ind2=" " tag="337"><subfield code="b">n</subfield><subfield code="2">rdamedia</subfield></datafield><datafield ind1=" " ind2=" " tag="338"><subfield code="b">nc</subfield><subfield code="2">rdacarrier</subfield></datafield><datafield ind1="1" ind2=" " tag="490"><subfield code="a">Panoramiques</subfield><subfield code="v">no 54</subfield></datafield><datafield ind1=" " ind2="7" tag="650"><subfield code="a">20e siècle (fin)-21e siècle (début)</subfield><subfield code="0">(RERO)A022450347</subfield><subfield code="2">rero</subfield></datafield><datafield ind1=" " ind2="7" tag="651"><subfield code="a">Allemagne</subfield><subfield code="0">(IDREF)027218856</subfield><subfield code="2">idref</subfield></datafield><datafield ind1=" " ind2="7" tag="651"><subfield code="a">France</subfield><subfield code="0">(IDREF)027226794</subfield><subfield code="2">idref</subfield></datafield><datafield ind1=" " ind2="7" tag="655"><subfield code="a">[Études diverses]</subfield><subfield code="0">(RERO)A022249905</subfield><subfield code="2">rero</subfield></datafield><datafield ind1="1" ind2=" " tag="700"><subfield code="a">Hureaux, Roland</subfield><subfield code="d">1948-....</subfield><subfield code="0">(IDREF)033423717</subfield></datafield><datafield ind1=" " ind2=" " tag="830"><subfield code="a">Panoramiques</subfield><subfield code="p">Arléa - Corlet</subfield><subfield code="v">54</subfield><subfield code="w">(RERO)1492753-41slsp</subfield></datafield><datafield ind1=" " ind2=" " tag="900"><subfield code="a">REROnoselfmerge</subfield></datafield><datafield ind1=" " ind2=" " tag="961"><subfield code="2">gsi</subfield><subfield code="a">944</subfield><subfield code="9">LOCAL</subfield></datafield></record>
</metadata></record>