<record><header><identifier>oai:alma.41SLSP_UGE:991000051309705502</identifier><datestamp>2023-03-01T01:08:52Z</datestamp><setSpec>uge_bcen_RapidILL_BOOK</setSpec><setSpec>uge_aaca_RapidILL_BOOK</setSpec><setSpec>uge_abels_RapidILL_BOOK</setSpec><setSpec>uge_dbu_RapidILL_BOOK</setSpec><setSpec>uge_cmu_RapidILL_BOOK</setSpec><setSpec>uge_mail_RapidILL_BOOK</setSpec><setSpec>UNIGE_ALL</setSpec><setSpec>uge_abbat_RapidILL_BOOK</setSpec><setSpec>uge_aobs_RapidILL_BOOK</setSpec><setSpec>uge_acar_RapidILL_BOOK</setSpec></header><metadata>
<record xmlns="http://www.loc.gov/MARC21/slim" xmlns:xsi="http://www.w3.org/2001/XMLSchema-instance" xsi:schemaLocation="http://www.loc.gov/MARC21/slim http://www.loc.gov/standards/marcxml/schema/MARC21slim.xsd"><leader>02259nam a2200553 c 4500</leader><controlfield tag="001">991000051309705502</controlfield><controlfield tag="005">20230127204551.0</controlfield><controlfield tag="008">201012s2017    gw |||||      00| ||ger d</controlfield><datafield ind1=" " ind2=" " tag="020"><subfield code="a">9783772826658</subfield></datafield><datafield ind1=" " ind2=" " tag="035"><subfield code="a">(swissbib)237409062-41slsp_network</subfield></datafield><datafield ind1=" " ind2=" " tag="035"><subfield code="a">237409062</subfield><subfield code="9">ExL</subfield></datafield><datafield ind1=" " ind2=" " tag="035"><subfield code="a">(IDSBB)006687477DSV01</subfield></datafield><datafield ind1=" " ind2=" " tag="035"><subfield code="a">(RERO)R008633719-41slsp</subfield></datafield><datafield ind1=" " ind2=" " tag="035"><subfield code="a">(EXLNZ-41SLSP_NETWORK)991134976239705501</subfield></datafield><datafield ind1=" " ind2=" " tag="040"><subfield code="a">SzZuIDS BS/BE A238</subfield><subfield code="b">ger</subfield><subfield code="e">rda</subfield><subfield code="d">CH-ZuSLS</subfield></datafield><datafield ind1="0" ind2=" " tag="041"><subfield code="a">ger</subfield><subfield code="a">fre</subfield></datafield><datafield ind1=" " ind2="7" tag="072"><subfield code="a">ph</subfield><subfield code="2">SzZuIDS BS/BE</subfield></datafield><datafield ind1=" " ind2="7" tag="072"><subfield code="a">al</subfield><subfield code="2">rero</subfield></datafield><datafield ind1="0" ind2="0" tag="082"><subfield code="a">193</subfield><subfield code="2">19</subfield></datafield><datafield ind1="0" ind2="4" tag="082"><subfield code="a">836.6</subfield><subfield code="2">21</subfield></datafield><datafield ind1="1" ind2="4" tag="082"><subfield code="a">100</subfield><subfield code="2">15</subfield></datafield><datafield ind1=" " ind2=" " tag="084"><subfield code="a">CF 4900</subfield><subfield code="2">rvk</subfield></datafield><datafield ind1=" " ind2=" " tag="084"><subfield code="a">GI 5381</subfield><subfield code="2">rvk</subfield></datafield><datafield ind1=" " ind2=" " tag="084"><subfield code="a">CF 4907</subfield><subfield code="2">rvk</subfield></datafield><datafield ind1=" " ind2=" " tag="084"><subfield code="a">100</subfield><subfield code="2">sdnb</subfield></datafield><datafield ind1=" " ind2=" " tag="084"><subfield code="a">830</subfield><subfield code="2">sdnb</subfield></datafield><datafield ind1="1" ind2=" " tag="100"><subfield code="a">Jacobi, Friedrich Heinrich</subfield><subfield code="d">1743-1819</subfield><subfield code="0">(DE-588)118556312</subfield><subfield code="e">Verfasser</subfield><subfield code="4">aut</subfield><subfield code="6">880-01</subfield></datafield><datafield ind1="1" ind2=" " tag="880"><subfield code="a">Jacobi, Friedrich Heinrich</subfield><subfield code="0">(RERO)A003415976</subfield><subfield code="4">cre</subfield><subfield code="6">100-01</subfield></datafield><datafield ind1="1" ind2="0" tag="245"><subfield code="a">Briefwechsel Oktober 1794 bis Dezember 1798, Nr. 3329-3689</subfield><subfield code="c">Friedrich Heinrich Jacobi ; herausgegeben von Catia Goretzki</subfield></datafield><datafield ind1=" " ind2="1" tag="264"><subfield code="a">Stuttgart-Bad Cannstatt</subfield><subfield code="b">Frommann-Holzboog</subfield><subfield code="c">[2017]</subfield></datafield><datafield ind1=" " ind2=" " tag="300"><subfield code="a">XLVIII, 331 Seiten</subfield><subfield code="b">Illustrationen</subfield></datafield><datafield ind1=" " ind2=" " tag="336"><subfield code="b">txt</subfield><subfield code="2">rdacontent</subfield></datafield><datafield ind1=" " ind2=" " tag="337"><subfield code="b">n</subfield><subfield code="2">rdamedia</subfield></datafield><datafield ind1=" " ind2=" " tag="338"><subfield code="b">nc</subfield><subfield code="2">rdacarrier</subfield></datafield><datafield ind1="1" ind2=" " tag="490"><subfield code="a">Briefwechsel / Friedrich Heinrich Jacobi</subfield><subfield code="v">Reihe 1, Band 11</subfield></datafield><datafield ind1=" " ind2=" " tag="500"><subfield code="a">Briefe überwiegend deutsch, wenige französisch</subfield></datafield><datafield ind1="1" ind2="7" tag="600"><subfield code="a">Jacobi, Friedrich Heinrich</subfield><subfield code="d">1743-1819</subfield><subfield code="0">(DE-588)118556312</subfield><subfield code="2">gnd</subfield></datafield><datafield ind1="1" ind2="0" tag="600"><subfield code="a">Jacobi, Friedrich Heinrich</subfield><subfield code="d">1743-1819</subfield><subfield code="v">Correspondence</subfield></datafield><datafield ind1="1" ind2="7" tag="600"><subfield code="a">Jacobi, Friedrich Heinrich</subfield><subfield code="d">1743-1819</subfield><subfield code="0">(IDREF)027475484</subfield><subfield code="2">idref</subfield></datafield><datafield ind1="1" ind2="7" tag="610"><subfield code="a">Deutschland</subfield><subfield code="b">Reichskunstwart</subfield><subfield code="0">(DE-588)4040630-1</subfield><subfield code="2">gnd</subfield></datafield><datafield ind1="0" ind2="7" tag="630"><subfield code="a">Deutsch-sowjetischer Nichtangriffspakt</subfield><subfield code="0">(DE-588)4011957-9</subfield><subfield code="2">gnd</subfield></datafield><datafield ind1=" " ind2="0" tag="650"><subfield code="a">Authors, German</subfield><subfield code="y">18th century</subfield><subfield code="v">Correspondence</subfield></datafield><datafield ind1=" " ind2="0" tag="650"><subfield code="a">Philosophers</subfield><subfield code="z">Germany</subfield><subfield code="v">Correspondence</subfield></datafield><datafield ind1=" " ind2="7" tag="651"><subfield code="a">Pettinengo</subfield><subfield code="0">(DE-588)4115927-5</subfield><subfield code="2">gnd</subfield></datafield><datafield ind1=" " ind2="7" tag="655"><subfield code="a">Kommentar</subfield><subfield code="2">gnd-content</subfield></datafield><datafield ind1=" " ind2="7" tag="655"><subfield code="a">Correspondance</subfield><subfield code="0">(IDREF)027490122</subfield><subfield code="2">idref</subfield></datafield><datafield ind1="1" ind2=" " tag="700"><subfield code="a">Goretzki, Catia</subfield><subfield code="d">1961-</subfield><subfield code="0">(DE-588)132439263</subfield><subfield code="e">Herausgeber</subfield><subfield code="4">edt</subfield><subfield code="6">880-02</subfield></datafield><datafield ind1="1" ind2=" " tag="880"><subfield code="6">700-02</subfield><subfield code="a">Goretzki, Catia</subfield><subfield code="d">19..-....</subfield><subfield code="0">(IDREF)103788956</subfield></datafield><datafield ind1="1" ind2=" " tag="800"><subfield code="a">Jacobi, Friedrich Heinrich</subfield><subfield code="d">1743-1819</subfield><subfield code="t">Briefe</subfield><subfield code="v">1/11</subfield><subfield code="w">(IDSBB)000027858DSV01</subfield></datafield><datafield ind1=" " ind2=" " tag="900"><subfield code="a">REROnoselfmerge</subfield></datafield></record>
</metadata></record>