<record><header><identifier>oai:alma.41SLSP_UGE:991000003119705502</identifier><datestamp>2023-04-17T00:12:59Z</datestamp><setSpec>uge_bcen_RapidILL_BOOK</setSpec><setSpec>uge_aaca_RapidILL_BOOK</setSpec><setSpec>uge_abels_RapidILL_BOOK</setSpec><setSpec>uge_dbu_RapidILL_BOOK</setSpec><setSpec>uge_cmu_RapidILL_BOOK</setSpec><setSpec>uge_mail_RapidILL_BOOK</setSpec><setSpec>uge_abbat_RapidILL_BOOK</setSpec><setSpec>UNIGE_ALL</setSpec><setSpec>uge_acar_RapidILL_BOOK</setSpec><setSpec>uge_aobs_RapidILL_BOOK</setSpec></header><metadata>
<record xmlns="http://www.loc.gov/MARC21/slim" xmlns:xsi="http://www.w3.org/2001/XMLSchema-instance" xsi:schemaLocation="http://www.loc.gov/MARC21/slim http://www.loc.gov/standards/marcxml/schema/MARC21slim.xsd"><leader>02907nam a22006377c 4500</leader><controlfield tag="001">991000003119705502</controlfield><controlfield tag="005">20230416162911.0</controlfield><controlfield tag="008">201012s2014    enk||||| |||| 00| ||eng d</controlfield><datafield ind1=" " ind2=" " tag="010"><subfield code="a">2014472950</subfield></datafield><datafield ind1=" " ind2=" " tag="015"><subfield code="a">GBB474817</subfield><subfield code="2">bnb</subfield></datafield><datafield ind1="7" ind2=" " tag="016"><subfield code="a">016794943</subfield><subfield code="2">Uk</subfield></datafield><datafield ind1=" " ind2=" " tag="020"><subfield code="a">1472910435</subfield></datafield><datafield ind1=" " ind2=" " tag="020"><subfield code="a">9781472910431</subfield></datafield><datafield ind1=" " ind2=" " tag="035"><subfield code="a">(swissbib)242254012-41slsp_network</subfield></datafield><datafield ind1=" " ind2=" " tag="035"><subfield code="a">242254012</subfield><subfield code="9">ExL</subfield></datafield><datafield ind1=" " ind2=" " tag="035"><subfield code="a">(RERO)R008668559-41slsp</subfield></datafield><datafield ind1=" " ind2=" " tag="035"><subfield code="a">(IDSBB)006502356DSV01</subfield></datafield><datafield ind1=" " ind2=" " tag="035"><subfield code="a">(NEBIS)010403518EBI01</subfield></datafield><datafield ind1=" " ind2=" " tag="035"><subfield code="a">(OCoLC)882185123</subfield><subfield code="z">(OCoLC)890015038</subfield></datafield><datafield ind1=" " ind2=" " tag="035"><subfield code="a">(OCoLC)896304254</subfield></datafield><datafield ind1=" " ind2=" " tag="035"><subfield code="a">(EXLNZ-41SLSP_NETWORK)991161411709705501</subfield></datafield><datafield ind1=" " ind2=" " tag="040"><subfield code="a">BTCTA</subfield><subfield code="b">eng</subfield><subfield code="e">rda</subfield><subfield code="d">CH-ZuSLS</subfield></datafield><datafield ind1=" " ind2="0" tag="050"><subfield code="a">BT103</subfield><subfield code="b">.W554 2014</subfield></datafield><datafield ind1=" " ind2="7" tag="072"><subfield code="a">th</subfield><subfield code="2">rero</subfield></datafield><datafield ind1="0" ind2="4" tag="082"><subfield code="a">231</subfield><subfield code="2">23</subfield></datafield><datafield ind1="1" ind2=" " tag="100"><subfield code="6">880-01</subfield><subfield code="a">Williams, Rowan</subfield><subfield code="d">1950-</subfield><subfield code="0">(DE-588)124692400</subfield><subfield code="4">aut</subfield></datafield><datafield ind1="1" ind2=" " tag="880"><subfield code="6">100-01</subfield><subfield code="a">Williams, Rowan</subfield><subfield code="d">1950-....</subfield><subfield code="0">(IDREF)030484154</subfield><subfield code="4">cre</subfield></datafield><datafield ind1="1" ind2="0" tag="245"><subfield code="a">&lt;&lt;The&gt;&gt; edge of words</subfield><subfield code="b">God and the habits of language</subfield><subfield code="c">Rowan Williams</subfield></datafield><datafield ind1=" " ind2="1" tag="264"><subfield code="a">London</subfield><subfield code="b">Bloomsbury</subfield><subfield code="c">2014</subfield></datafield><datafield ind1=" " ind2=" " tag="300"><subfield code="a">xiii, 204 pages</subfield><subfield code="c">24 cm</subfield></datafield><datafield ind1=" " ind2=" " tag="336"><subfield code="b">txt</subfield><subfield code="2">rdacontent</subfield></datafield><datafield ind1=" " ind2=" " tag="337"><subfield code="b">n</subfield><subfield code="2">rdamedia</subfield></datafield><datafield ind1=" " ind2=" " tag="338"><subfield code="b">nc</subfield><subfield code="2">rdacarrier</subfield></datafield><datafield ind1=" " ind2=" " tag="500"><subfield code="a">&quot;A Continuum book&quot;--Title page verso</subfield></datafield><datafield ind1=" " ind2=" " tag="504"><subfield code="a">Includes bibliographical references and index</subfield></datafield><datafield ind1="0" ind2=" " tag="505"><subfield code="a">A future for 'natural theology'? -- Can we say what we like? Language, freedom and determinism -- Speech and time: the unfinishable business of language -- Intelligent bodies: language as material practice -- Excessive speech: language in extreme situations -- Saying the unsayable: where silence happens</subfield></datafield><datafield ind1=" " ind2="0" tag="650"><subfield code="a">God (Christianity)</subfield></datafield><datafield ind1=" " ind2="0" tag="650"><subfield code="a">Language and languages</subfield><subfield code="x">Religious aspects</subfield><subfield code="x">Christianity</subfield></datafield><datafield ind1=" " ind2="7" tag="650"><subfield code="a">God (Christianity)</subfield><subfield code="2">fast</subfield></datafield><datafield ind1=" " ind2="7" tag="650"><subfield code="a">Language and languages</subfield><subfield code="x">Religious aspects</subfield><subfield code="x">Christianity</subfield><subfield code="2">fast</subfield></datafield><datafield ind1=" " ind2="7" tag="650"><subfield code="a">Gud</subfield><subfield code="2">sao</subfield></datafield><datafield ind1=" " ind2="7" tag="650"><subfield code="a">Språk</subfield><subfield code="x">religiösa aspekter</subfield><subfield code="2">sao</subfield></datafield><datafield ind1=" " ind2="7" tag="650"><subfield code="a">Kristendom</subfield><subfield code="2">sao</subfield></datafield><datafield ind1=" " ind2="4" tag="650"><subfield code="a">Language and languages</subfield><subfield code="x">Religious aspects</subfield><subfield code="x">Christianity</subfield></datafield><datafield ind1=" " ind2="4" tag="650"><subfield code="a">God (Christianity)</subfield></datafield><datafield ind1=" " ind2="7" tag="650"><subfield code="a">Gott</subfield><subfield code="0">(DE-588)4021662-7</subfield><subfield code="2">gnd</subfield></datafield><datafield ind1=" " ind2="7" tag="650"><subfield code="a">Sprache</subfield><subfield code="0">(DE-588)4056449-6</subfield><subfield code="2">gnd</subfield></datafield><datafield ind1=" " ind2="7" tag="650"><subfield code="a">Anthropomorphismus</subfield><subfield code="0">(DE-588)4133539-9</subfield><subfield code="2">gnd</subfield></datafield><datafield ind1=" " ind2="4" tag="650"><subfield code="a">Language and languages / Religious aspects</subfield></datafield><datafield ind1="4" ind2="2" tag="856"><subfield code="3">Contributor biographical information</subfield><subfield code="u">http://catdir.loc.gov/catdir/enhancements/fy1513/2014472950-b.html</subfield></datafield><datafield ind1="4" ind2=" " tag="856"><subfield code="3">Titelblatt und Inhaltsverzeichnis</subfield><subfield code="u">https://toc.library.ethz.ch/objects/pdf03/z01_978-1-4729-1043-1_01.pdf</subfield><subfield code="q">pdf</subfield></datafield><datafield ind1="4" ind2="2" tag="856"><subfield code="3">Publisher description</subfield><subfield code="u">http://catdir.loc.gov/catdir/enhancements/fy1513/2014472950-d.html</subfield></datafield><datafield ind1=" " ind2=" " tag="900"><subfield code="a">IDSZ2zbzmon201506f</subfield><subfield code="c">IDSZ2jami</subfield><subfield code="d">IDSZ2zbzswk201506g</subfield><subfield code="e">IDSZ2schu</subfield></datafield><datafield ind1=" " ind2=" " tag="911"><subfield code="a">100</subfield><subfield code="a">Williams, Rowan</subfield><subfield code="d">1950-</subfield></datafield><datafield ind1=" " ind2=" " tag="949"><subfield code="a">https://toc.library.ethz.ch/objects/pdf03/z01_978-1-4729-1043-1_01.pdf</subfield></datafield><datafield ind1=" " ind2=" " tag="949"><subfield code="a">http://catdir.loc.gov/catdir/enhancements/fy1513/2014472950-b.html</subfield></datafield><datafield ind1=" " ind2=" " tag="949"><subfield code="a">http://catdir.loc.gov/catdir/enhancements/fy1513/2014472950-d.html</subfield></datafield></record>
</metadata></record>