<record><header><identifier>oai:alma.41SLSP_UGE:991000051829705502</identifier><datestamp>2023-04-10T00:47:09Z</datestamp><setSpec>uge_bcen_RapidILL_BOOK</setSpec><setSpec>uge_aaca_RapidILL_BOOK</setSpec><setSpec>uge_abels_RapidILL_BOOK</setSpec><setSpec>uge_dbu_RapidILL_BOOK</setSpec><setSpec>uge_cmu_RapidILL_BOOK</setSpec><setSpec>uge_mail_RapidILL_BOOK</setSpec><setSpec>uge_abbat_RapidILL_BOOK</setSpec><setSpec>UNIGE_ALL</setSpec><setSpec>uge_acar_RapidILL_BOOK</setSpec><setSpec>uge_aobs_RapidILL_BOOK</setSpec></header><metadata>
<record xmlns="http://www.loc.gov/MARC21/slim" xmlns:xsi="http://www.w3.org/2001/XMLSchema-instance" xsi:schemaLocation="http://www.loc.gov/MARC21/slim http://www.loc.gov/standards/marcxml/schema/MARC21slim.xsd"><leader>01623nam a2200421 c 4500</leader><controlfield tag="001">991000051829705502</controlfield><controlfield tag="005">20230409210729.0</controlfield><controlfield tag="008">201011s2018    xxu      b|||s001 0 eng| </controlfield><datafield ind1=" " ind2=" " tag="010"><subfield code="a">2018029029</subfield></datafield><datafield ind1=" " ind2=" " tag="020"><subfield code="a">9781611496789</subfield><subfield code="q">cloth : alk. paper</subfield></datafield><datafield ind1=" " ind2=" " tag="035"><subfield code="a">(swissbib)223488771-41slsp_network</subfield></datafield><datafield ind1=" " ind2=" " tag="035"><subfield code="a">223488771</subfield><subfield code="9">ExL</subfield></datafield><datafield ind1=" " ind2=" " tag="035"><subfield code="a">(NEBIS)011249989EBI01</subfield></datafield><datafield ind1=" " ind2=" " tag="035"><subfield code="a">(RERO)R008966246-41slsp</subfield></datafield><datafield ind1=" " ind2=" " tag="035"><subfield code="a">(OCoLC)1040187211</subfield></datafield><datafield ind1=" " ind2=" " tag="035"><subfield code="a">(EXLNZ-41SLSP_NETWORK)991035509909705501</subfield></datafield><datafield ind1=" " ind2=" " tag="040"><subfield code="a">DLC</subfield><subfield code="b">ger</subfield><subfield code="e">rda</subfield><subfield code="d">CH-ZuSLS</subfield></datafield><datafield ind1=" " ind2=" " tag="042"><subfield code="a">pcc</subfield></datafield><datafield ind1="0" ind2="0" tag="050"><subfield code="a">PR3534</subfield><subfield code="b">.N49 2018</subfield></datafield><datafield ind1=" " ind2="7" tag="072"><subfield code="a">an</subfield><subfield code="2">rero</subfield></datafield><datafield ind1="0" ind2="0" tag="082"><subfield code="a">828/.609</subfield><subfield code="2">23</subfield></datafield><datafield ind1="1" ind2="4" tag="082"><subfield code="a">820</subfield><subfield code="2">15</subfield></datafield><datafield ind1="0" ind2="0" tag="245"><subfield code="a">New essays on Samuel Johnson</subfield><subfield code="b">revaluation</subfield><subfield code="c">edited by Anthony W. Lee</subfield></datafield><datafield ind1=" " ind2="1" tag="264"><subfield code="a">Newark</subfield><subfield code="b">University of Delaware Press</subfield><subfield code="c">[2018]</subfield></datafield><datafield ind1=" " ind2="4" tag="264"><subfield code="c">© 2018</subfield></datafield><datafield ind1=" " ind2=" " tag="300"><subfield code="a">xx, 261 pages</subfield><subfield code="b">illustrations</subfield><subfield code="c">24 cm</subfield></datafield><datafield ind1=" " ind2=" " tag="336"><subfield code="b">txt</subfield><subfield code="2">rdacontent</subfield></datafield><datafield ind1=" " ind2=" " tag="337"><subfield code="b">n</subfield><subfield code="2">rdamedia</subfield></datafield><datafield ind1=" " ind2=" " tag="338"><subfield code="b">nc</subfield><subfield code="2">rdacarrier</subfield></datafield><datafield ind1=" " ind2=" " tag="504"><subfield code="a">Includes bibliographical references and index</subfield></datafield><datafield ind1="1" ind2="7" tag="600"><subfield code="a">Johnson, Samuel</subfield><subfield code="d">1709-1784</subfield><subfield code="0">(DE-588)118558161</subfield><subfield code="2">gnd</subfield></datafield><datafield ind1="1" ind2="0" tag="600"><subfield code="a">Johnson, Samuel</subfield><subfield code="d">1709-1784</subfield><subfield code="x">Criticism and interpretation</subfield></datafield><datafield ind1="1" ind2="7" tag="600"><subfield code="a">Johnson, Samuel</subfield><subfield code="d">1709-1784</subfield><subfield code="0">(IDREF)028533380</subfield><subfield code="2">idref</subfield></datafield><datafield ind1=" " ind2="7" tag="655"><subfield code="a">Aufsatzsammlung</subfield><subfield code="2">gnd-content</subfield></datafield><datafield ind1=" " ind2="7" tag="655"><subfield code="a">[Études diverses]</subfield><subfield code="0">(RERO)A022249905</subfield><subfield code="2">rero</subfield></datafield><datafield ind1="1" ind2=" " tag="700"><subfield code="a">Lee, Anthony W.</subfield><subfield code="0">(DE-588)1067914145</subfield><subfield code="4">edt</subfield></datafield><datafield ind1="4" ind2=" " tag="856"><subfield code="3">Titelblatt und Inhaltsverzeichnis</subfield><subfield code="u">https://toc.library.ethz.ch/objects/pdf03/z01_978-1-61149-678-9_01.pdf</subfield><subfield code="q">pdf</subfield></datafield><datafield ind1=" " ind2=" " tag="900"><subfield code="a">IDSZ2zbzmon201901f</subfield><subfield code="c">IDSZ2wieg</subfield><subfield code="d">IDSZ2zbzswk201902b</subfield><subfield code="e">IDSZ2trun</subfield></datafield><datafield ind1=" " ind2=" " tag="949"><subfield code="a">https://toc.library.ethz.ch/objects/pdf03/z01_978-1-61149-678-9_01.pdf</subfield></datafield></record>
</metadata></record>