<record><header><identifier>oai:alma.41SLSP_UGE:991000019769705502</identifier><datestamp>2023-11-17T02:58:32Z</datestamp><setSpec>uge_bcen_RapidILL_BOOK</setSpec><setSpec>uge_aaca_RapidILL_BOOK</setSpec><setSpec>uge_abels_RapidILL_BOOK</setSpec><setSpec>uge_dbu_RapidILL_BOOK</setSpec><setSpec>uge_cmu_RapidILL_BOOK</setSpec><setSpec>uge_mail_RapidILL_BOOK</setSpec><setSpec>uge_abbat_RapidILL_BOOK</setSpec><setSpec>UNIGE_ALL</setSpec><setSpec>uge_acar_RapidILL_BOOK</setSpec><setSpec>uge_aobs_RapidILL_BOOK</setSpec></header><metadata>
<record xmlns="http://www.loc.gov/MARC21/slim" xmlns:xsi="http://www.w3.org/2001/XMLSchema-instance" xsi:schemaLocation="http://www.loc.gov/MARC21/slim http://www.loc.gov/standards/marcxml/schema/MARC21slim.xsd"><leader>02513nam a2200613 c 4500</leader><controlfield tag="001">991000019769705502</controlfield><controlfield tag="005">20231114075511.0</controlfield><controlfield tag="008">201011s1996    fr ||||| |||| 00| ||fre d</controlfield><datafield ind1=" " ind2=" " tag="020"><subfield code="a">2271053749</subfield></datafield><datafield ind1=" " ind2=" " tag="035"><subfield code="a">(swissbib)222230274-41slsp_network</subfield></datafield><datafield ind1=" " ind2=" " tag="035"><subfield code="a">222230274</subfield><subfield code="9">ExL</subfield></datafield><datafield ind1=" " ind2=" " tag="035"><subfield code="a">(RERO)R212805160-41slsp</subfield></datafield><datafield ind1=" " ind2=" " tag="035"><subfield code="a">(IDSBB)001379895DSV01</subfield></datafield><datafield ind1=" " ind2=" " tag="035"><subfield code="a">(NEBIS)001755389EBI01</subfield></datafield><datafield ind1=" " ind2=" " tag="035"><subfield code="a">(EXLNZ-41SLSP_NETWORK)991026875499705501</subfield></datafield><datafield ind1=" " ind2=" " tag="040"><subfield code="a">RERO frbcuc</subfield><subfield code="d">CH-ZuSLS</subfield></datafield><datafield ind1="0" ind2=" " tag="041"><subfield code="a">fre</subfield><subfield code="a">lat</subfield></datafield><datafield ind1=" " ind2="7" tag="072"><subfield code="a">th</subfield><subfield code="2">rero</subfield></datafield><datafield ind1=" " ind2="7" tag="072"><subfield code="a">th</subfield><subfield code="2">SzZuIDS BS/BE</subfield></datafield><datafield ind1="0" ind2="4" tag="082"><subfield code="a">231.730944</subfield><subfield code="b">G537m</subfield><subfield code="2">21</subfield></datafield><datafield ind1="1" ind2="4" tag="082"><subfield code="a">200</subfield></datafield><datafield ind1="1" ind2=" " tag="100"><subfield code="a">Gobi, Jean</subfield><subfield code="c">L'Ancien</subfield><subfield code="0">(RERO)A012352945</subfield><subfield code="4">cre</subfield></datafield><datafield ind1="1" ind2="0" tag="240"><subfield code="a">Liber miraculorum beatae Mariae Magdalenae</subfield></datafield><datafield ind1="1" ind2="0" tag="245"><subfield code="a">Miracles de Sainte Marie-Madeleine</subfield><subfield code="c">Jean Gobi l'Ancien ; éd. et trad. par Jacqueline Sclafer</subfield></datafield><datafield ind1="1" ind2=" " tag="246"><subfield code="a">Miracula beatae Mariae Magdalenae</subfield></datafield><datafield ind1=" " ind2="1" tag="264"><subfield code="a">Paris</subfield><subfield code="b">Ed. du CNRS</subfield><subfield code="c">1996</subfield></datafield><datafield ind1=" " ind2=" " tag="300"><subfield code="a">212 p.</subfield><subfield code="b">front.</subfield><subfield code="c">25 cm</subfield></datafield><datafield ind1=" " ind2=" " tag="336"><subfield code="b">txt</subfield><subfield code="2">rdacontent</subfield></datafield><datafield ind1=" " ind2=" " tag="337"><subfield code="b">n</subfield><subfield code="2">rdamedia</subfield></datafield><datafield ind1=" " ind2=" " tag="338"><subfield code="b">nc</subfield><subfield code="2">rdacarrier</subfield></datafield><datafield ind1="1" ind2=" " tag="490"><subfield code="a">Sources d'histoire médiévale</subfield><subfield code="v">[29]</subfield></datafield><datafield ind1=" " ind2=" " tag="500"><subfield code="a">Originaltitel: Liber miraculorum beatae Mariae Magdalenae</subfield></datafield><datafield ind1=" " ind2=" " tag="500"><subfield code="a">Originaltitel: Miracula beatae Mariae Magdalenae</subfield></datafield><datafield ind1=" " ind2=" " tag="500"><subfield code="a">Text lat. mit fran. Uebers., parallel angeordnet, Einf. franz.</subfield></datafield><datafield ind1="1" ind2="7" tag="600"><subfield code="a">Gobi, Jean</subfield><subfield code="c">(l'Ancien).</subfield><subfield code="t">Miracles de Sainte-Marie Madeleine</subfield><subfield code="0">(RERO)A010180578</subfield><subfield code="2">rero</subfield></datafield><datafield ind1="0" ind2="7" tag="600"><subfield code="a">Maria Magdalena</subfield><subfield code="2">idszbz</subfield></datafield><datafield ind1="0" ind2="0" tag="600"><subfield code="a">Mary Magdalene</subfield><subfield code="c">Saint</subfield><subfield code="x">Cult</subfield><subfield code="z">France</subfield><subfield code="z">Saint-Maximin-la-Sainte-Baume</subfield><subfield code="x">History</subfield><subfield code="v">Sources</subfield></datafield><datafield ind1="2" ind2="0" tag="610"><subfield code="a">Couvent royal dominicain (Saint-Maximin-la-Sainte-Baume, France)</subfield><subfield code="x">History</subfield><subfield code="v">Sources</subfield></datafield><datafield ind1=" " ind2="7" tag="648"><subfield code="a">Geschichte 1300-1325</subfield><subfield code="2">gnd</subfield></datafield><datafield ind1=" " ind2="7" tag="650"><subfield code="a">Mirakel</subfield><subfield code="2">idszbz</subfield></datafield><datafield ind1=" " ind2="7" tag="650"><subfield code="a">Mittellatein</subfield><subfield code="2">idszbz</subfield></datafield><datafield ind1=" " ind2="7" tag="650"><subfield code="a">Pilger</subfield><subfield code="0">(DE-588)4138490-8</subfield><subfield code="2">gnd</subfield></datafield><datafield ind1=" " ind2="7" tag="650"><subfield code="a">Wallfahrt</subfield><subfield code="0">(DE-588)4064460-1</subfield><subfield code="2">gnd</subfield></datafield><datafield ind1=" " ind2="7" tag="650"><subfield code="a">Spiritualität</subfield><subfield code="0">(DE-588)4116568-8</subfield><subfield code="2">gnd</subfield></datafield><datafield ind1=" " ind2="7" tag="650"><subfield code="a">Reliquie</subfield><subfield code="0">(DE-588)4177751-7</subfield><subfield code="2">gnd</subfield></datafield><datafield ind1=" " ind2="7" tag="650"><subfield code="a">Wunder</subfield><subfield code="0">(DE-588)4067063-6</subfield><subfield code="2">gnd</subfield></datafield><datafield ind1=" " ind2="0" tag="650"><subfield code="a">Spiritual healing</subfield><subfield code="z">France</subfield><subfield code="z">Saint-Maximin-la-Sainte-Baume</subfield><subfield code="x">History</subfield><subfield code="v">Sources</subfield></datafield><datafield ind1=" " ind2="7" tag="651"><subfield code="a">Frankreich</subfield><subfield code="0">(DE-588)4018145-5</subfield><subfield code="2">gnd</subfield></datafield><datafield ind1=" " ind2="0" tag="651"><subfield code="a">Saint-Maximin-la-Sainte-Baume (France)</subfield><subfield code="x">Religious life and customs</subfield><subfield code="x">History</subfield><subfield code="v">Sources</subfield></datafield><datafield ind1=" " ind2="7" tag="655"><subfield code="a">Quelle</subfield><subfield code="2">gnd-content</subfield></datafield><datafield ind1=" " ind2="7" tag="655"><subfield code="a">Ausgabe</subfield><subfield code="2">idszbz</subfield></datafield><datafield ind1="0" ind2=" " tag="700"><subfield code="a">Johannes</subfield><subfield code="c">Gobi, Senior</subfield><subfield code="d">1260-1328</subfield><subfield code="0">(DE-588)102542929</subfield></datafield><datafield ind1="1" ind2=" " tag="700"><subfield code="a">Sclafer, Jacqueline</subfield><subfield code="d">1930-....</subfield><subfield code="0">(IDREF)052460398</subfield></datafield><datafield ind1=" " ind2="0" tag="830"><subfield code="a">Sources d'histoire médiévale</subfield><subfield code="v">27</subfield><subfield code="w">(RERO)0023628-41slsp</subfield></datafield><datafield ind1=" " ind2=" " tag="900"><subfield code="a">REROnoselfmerge</subfield></datafield></record>
</metadata></record>