<record><header><identifier>oai:alma.41SLSP_UGE:991000019789705502</identifier><datestamp>2023-03-01T01:08:52Z</datestamp><setSpec>uge_bcen_RapidILL_BOOK</setSpec><setSpec>uge_aaca_RapidILL_BOOK</setSpec><setSpec>uge_abels_RapidILL_BOOK</setSpec><setSpec>uge_dbu_RapidILL_BOOK</setSpec><setSpec>uge_cmu_RapidILL_BOOK</setSpec><setSpec>uge_mail_RapidILL_BOOK</setSpec><setSpec>UNIGE_ALL</setSpec><setSpec>uge_abbat_RapidILL_BOOK</setSpec><setSpec>uge_aobs_RapidILL_BOOK</setSpec><setSpec>uge_acar_RapidILL_BOOK</setSpec></header><metadata>
<record xmlns="http://www.loc.gov/MARC21/slim" xmlns:xsi="http://www.w3.org/2001/XMLSchema-instance" xsi:schemaLocation="http://www.loc.gov/MARC21/slim http://www.loc.gov/standards/marcxml/schema/MARC21slim.xsd"><leader>01246nam a2200301uc 4500</leader><controlfield tag="001">991000019789705502</controlfield><controlfield tag="005">20201126050757.0</controlfield><controlfield tag="008">201012s1978    gw            001 0 ger  </controlfield><datafield ind1=" " ind2=" " tag="020"><subfield code="a">3787507159</subfield></datafield><datafield ind1=" " ind2=" " tag="035"><subfield code="a">(swissbib)242590772-41slsp_network</subfield></datafield><datafield ind1=" " ind2=" " tag="035"><subfield code="a">242590772</subfield><subfield code="9">ExL</subfield></datafield><datafield ind1=" " ind2=" " tag="035"><subfield code="a">(NEBIS)008100107EBI01</subfield></datafield><datafield ind1=" " ind2=" " tag="035"><subfield code="a">(RERO)1038636-41slsp</subfield></datafield><datafield ind1=" " ind2=" " tag="035"><subfield code="a">(EXLNZ-41SLSP_NETWORK)991058589939705501</subfield></datafield><datafield ind1=" " ind2=" " tag="040"><subfield code="a">SzZuIDS NEBIS UZH</subfield><subfield code="d">CH-ZuSLS</subfield></datafield><datafield ind1=" " ind2="7" tag="072"><subfield code="a">ht</subfield><subfield code="2">rero</subfield></datafield><datafield ind1="0" ind2="0" tag="245"><subfield code="a">1. Januar bis 31. Dezember 1965</subfield><subfield code="c">bearb. von Marie-Luise Goldbach ; hrsg. vom Bundesministerium für innerdeutsche Beziehungen</subfield></datafield><datafield ind1=" " ind2="1" tag="264"><subfield code="a">Frankfurt, Main</subfield><subfield code="b">Metzner</subfield><subfield code="c">1978</subfield></datafield><datafield ind1=" " ind2=" " tag="300"><subfield code="a">2 vol. (LIX, 1143 p.)</subfield><subfield code="c">25 cm</subfield></datafield><datafield ind1=" " ind2=" " tag="336"><subfield code="b">txt</subfield><subfield code="2">rdacontent</subfield></datafield><datafield ind1=" " ind2=" " tag="337"><subfield code="b">n</subfield><subfield code="2">rdamedia</subfield></datafield><datafield ind1=" " ind2=" " tag="338"><subfield code="b">nc</subfield><subfield code="2">rdacarrier</subfield></datafield><datafield ind1="1" ind2=" " tag="490"><subfield code="a">10. November 1958 bis 30. November 1966</subfield><subfield code="v">Bd. 11</subfield></datafield><datafield ind1=" " ind2=" " tag="500"><subfield code="a">Erster Halbband : 1.1-31.5.1965 ; Zweiter Halbband : 1.6.-31-12.1965</subfield></datafield><datafield ind1="1" ind2=" " tag="700"><subfield code="a">Goldbach, Marie-Luise</subfield><subfield code="0">(IDREF)029118697</subfield></datafield><datafield ind1="1" ind2=" " tag="710"><subfield code="a">Deutschland</subfield><subfield code="g">Bundesrepublik</subfield><subfield code="b">Bundesministerium für Innerdeutsche Beziehungen</subfield><subfield code="0">(DE-588)2038241-8</subfield></datafield><datafield ind1=" " ind2=" " tag="830"><subfield code="a">Dokumente zur Deutschlandpolitik. Reihe 4</subfield><subfield code="v">11</subfield><subfield code="w">(RERO)1037928-41slsp</subfield></datafield><datafield ind1=" " ind2=" " tag="830"><subfield code="a">10. November 1958 bis 30. November 1966</subfield><subfield code="v">11</subfield><subfield code="w">(NEBIS)008100070EBI01</subfield></datafield><datafield ind1=" " ind2=" " tag="900"><subfield code="a">REROnoselfmerge</subfield></datafield></record>
</metadata></record>