<record><header><identifier>oai:alma.41SLSP_UGE:991000003349705502</identifier><datestamp>2023-03-01T01:08:52Z</datestamp><setSpec>uge_bcen_RapidILL_BOOK</setSpec><setSpec>uge_aaca_RapidILL_BOOK</setSpec><setSpec>uge_abels_RapidILL_BOOK</setSpec><setSpec>uge_dbu_RapidILL_BOOK</setSpec><setSpec>uge_cmu_RapidILL_BOOK</setSpec><setSpec>uge_mail_RapidILL_BOOK</setSpec><setSpec>uge_abbat_RapidILL_BOOK</setSpec><setSpec>UNIGE_ALL</setSpec><setSpec>uge_acar_RapidILL_BOOK</setSpec><setSpec>uge_aobs_RapidILL_BOOK</setSpec></header><metadata>
<record xmlns="http://www.loc.gov/MARC21/slim" xmlns:xsi="http://www.w3.org/2001/XMLSchema-instance" xsi:schemaLocation="http://www.loc.gov/MARC21/slim http://www.loc.gov/standards/marcxml/schema/MARC21slim.xsd"><leader>01338nam a2200361 c 4500</leader><controlfield tag="001">991000003349705502</controlfield><controlfield tag="005">20230228190326.0</controlfield><controlfield tag="008">201012s1916    gw            00| | grc  </controlfield><datafield ind1="7" ind2=" " tag="024"><subfield code="a">http://catalogue.bnf.fr/ark:/12148/cb320822381</subfield><subfield code="2">uri</subfield></datafield><datafield ind1=" " ind2=" " tag="035"><subfield code="a">(swissbib)240444523-41slsp_network</subfield></datafield><datafield ind1=" " ind2=" " tag="035"><subfield code="a">240444523</subfield><subfield code="9">ExL</subfield></datafield><datafield ind1=" " ind2=" " tag="035"><subfield code="a">(IDSBB)003218903DSV01</subfield></datafield><datafield ind1=" " ind2=" " tag="035"><subfield code="a">(RERO)0270270-41slsp</subfield></datafield><datafield ind1=" " ind2=" " tag="035"><subfield code="a">(EXLNZ-41SLSP_NETWORK)991104326269705501</subfield></datafield><datafield ind1=" " ind2=" " tag="040"><subfield code="a">SzZuIDS BS/BE A100</subfield><subfield code="e">kids</subfield><subfield code="d">CH-ZuSLS</subfield></datafield><datafield ind1="0" ind2=" " tag="041"><subfield code="a">grc</subfield><subfield code="a">lat</subfield></datafield><datafield ind1=" " ind2="7" tag="072"><subfield code="a">kp</subfield><subfield code="2">SzZuIDS BS/BE</subfield></datafield><datafield ind1=" " ind2="7" tag="072"><subfield code="a">gr</subfield><subfield code="2">rero</subfield></datafield><datafield ind1="0" ind2=" " tag="100"><subfield code="a">Aeschylus</subfield><subfield code="d">v525-v456</subfield><subfield code="0">(DE-588)118500856</subfield></datafield><datafield ind1="1" ind2="0" tag="245"><subfield code="a">Aeschyli cantica</subfield><subfield code="c">iterum digessit Otto Schroeder</subfield></datafield><datafield ind1=" " ind2="1" tag="264"><subfield code="a">Lipsiae</subfield><subfield code="b">Teubner</subfield><subfield code="c">1916</subfield></datafield><datafield ind1=" " ind2=" " tag="300"><subfield code="a">VIII, 103 p.</subfield><subfield code="c">18 cm</subfield></datafield><datafield ind1=" " ind2=" " tag="336"><subfield code="b">txt</subfield><subfield code="2">rdacontent</subfield></datafield><datafield ind1=" " ind2=" " tag="337"><subfield code="b">n</subfield><subfield code="2">rdamedia</subfield></datafield><datafield ind1=" " ind2=" " tag="338"><subfield code="b">nc</subfield><subfield code="2">rdacarrier</subfield></datafield><datafield ind1="1" ind2=" " tag="490"><subfield code="a">Bibliotheca scriptorum Graecorum et Romanorum Teubneriana</subfield></datafield><datafield ind1=" " ind2=" " tag="500"><subfield code="a">Griech. Text mit lat. Kommentar</subfield></datafield><datafield ind1="0" ind2="7" tag="600"><subfield code="a">Eschyle</subfield><subfield code="d">0525?-0456 av. J.-C.</subfield><subfield code="0">(IDREF)086453033</subfield><subfield code="2">idref</subfield></datafield><datafield ind1=" " ind2="7" tag="650"><subfield code="a">Chant</subfield><subfield code="0">(IDREF)027581551</subfield><subfield code="2">idref</subfield></datafield><datafield ind1=" " ind2="7" tag="650"><subfield code="a">Versification</subfield><subfield code="0">(IDREF)027255549</subfield><subfield code="2">idref</subfield></datafield><datafield ind1="1" ind2=" " tag="700"><subfield code="a">Schroeder, Otto</subfield><subfield code="c">philologue</subfield><subfield code="0">(RERO)A012312084</subfield><subfield code="4">cre</subfield></datafield><datafield ind1="1" ind2=" " tag="700"><subfield code="a">Schröder, Otto</subfield><subfield code="d">1851-1937</subfield><subfield code="0">(DE-588)117078956</subfield></datafield><datafield ind1=" " ind2=" " tag="830"><subfield code="a">Bibliotheca scriptorum graecorum et romanorum teubneriana</subfield><subfield code="w">(RERO)0000217-41slsp</subfield></datafield><datafield ind1=" " ind2=" " tag="900"><subfield code="a">REROnoselfmerge</subfield></datafield></record>
</metadata></record>