<record><header><identifier>oai:alma.41SLSP_UGE:991000020099705502</identifier><datestamp>2023-03-01T01:08:52Z</datestamp><setSpec>uge_bcen_RapidILL_BOOK</setSpec><setSpec>uge_aaca_RapidILL_BOOK</setSpec><setSpec>uge_abels_RapidILL_BOOK</setSpec><setSpec>uge_dbu_RapidILL_BOOK</setSpec><setSpec>uge_cmu_RapidILL_BOOK</setSpec><setSpec>uge_mail_RapidILL_BOOK</setSpec><setSpec>UNIGE_ALL</setSpec><setSpec>uge_abbat_RapidILL_BOOK</setSpec><setSpec>uge_aobs_RapidILL_BOOK</setSpec><setSpec>uge_acar_RapidILL_BOOK</setSpec></header><metadata>
<record xmlns="http://www.loc.gov/MARC21/slim" xmlns:xsi="http://www.w3.org/2001/XMLSchema-instance" xsi:schemaLocation="http://www.loc.gov/MARC21/slim http://www.loc.gov/standards/marcxml/schema/MARC21slim.xsd"><leader>02054nam a2200577 c 4500</leader><controlfield tag="001">991000020099705502</controlfield><controlfield tag="005">20201222224345.0</controlfield><controlfield tag="008">201012s1973    xxk||||| |||| 00| ||eng d</controlfield><datafield ind1=" " ind2=" " tag="010"><subfield code="a">74173857</subfield></datafield><datafield ind1=" " ind2=" " tag="015"><subfield code="a">GB74-04082</subfield></datafield><datafield ind1=" " ind2=" " tag="020"><subfield code="a">0859910016</subfield></datafield><datafield ind1=" " ind2=" " tag="020"><subfield code="a">0859910040</subfield><subfield code="q">paper</subfield></datafield><datafield ind1=" " ind2=" " tag="020"><subfield code="a">9780859910019</subfield></datafield><datafield ind1=" " ind2=" " tag="020"><subfield code="a">9780859910040</subfield><subfield code="q">pbk.</subfield></datafield><datafield ind1=" " ind2=" " tag="035"><subfield code="a">(swissbib)238951936-41slsp_network</subfield></datafield><datafield ind1=" " ind2=" " tag="035"><subfield code="a">238951936</subfield><subfield code="9">ExL</subfield></datafield><datafield ind1=" " ind2=" " tag="035"><subfield code="a">(RERO)0043965-41slsp</subfield></datafield><datafield ind1=" " ind2=" " tag="035"><subfield code="a">(IDSBB)001111659DSV01</subfield></datafield><datafield ind1=" " ind2=" " tag="035"><subfield code="a">(NEBIS)006519786EBI01</subfield></datafield><datafield ind1=" " ind2=" " tag="035"><subfield code="a">(OCoLC)896131</subfield><subfield code="z">(OCoLC)3241775</subfield></datafield><datafield ind1=" " ind2=" " tag="035"><subfield code="a">(EXLNZ-41SLSP_NETWORK)991071939139705501</subfield></datafield><datafield ind1=" " ind2=" " tag="040"><subfield code="a">RERO</subfield><subfield code="d">CH-ZuSLS</subfield></datafield><datafield ind1="0" ind2=" " tag="041"><subfield code="a">eng</subfield><subfield code="h">und</subfield></datafield><datafield ind1=" " ind2=" " tag="050"><subfield code="a">PR2065.G305</subfield><subfield code="b">B7 1973</subfield></datafield><datafield ind1=" " ind2="7" tag="072"><subfield code="a">an</subfield><subfield code="2">rero</subfield></datafield><datafield ind1="0" ind2="4" tag="082"><subfield code="a">821/.1</subfield><subfield code="2">18</subfield></datafield><datafield ind1=" " ind2=" " tag="084"><subfield code="a">HH 5920</subfield><subfield code="2">rvk</subfield></datafield><datafield ind1=" " ind2=" " tag="084"><subfield code="a">HH 5925</subfield><subfield code="2">rvk</subfield></datafield><datafield ind1="1" ind2=" " tag="100"><subfield code="a">Brewer, Elisabeth</subfield><subfield code="6">880-01</subfield></datafield><datafield ind1="1" ind2=" " tag="880"><subfield code="6">100-01</subfield><subfield code="a">Brewer, Elisabeth</subfield><subfield code="d">1923-....</subfield><subfield code="0">(IDREF)028431081</subfield></datafield><datafield ind1="1" ind2=" " tag="880"><subfield code="a">Brewer, Elisabeth</subfield><subfield code="d">1923-</subfield><subfield code="0">(DE-588)124288634</subfield><subfield code="6">100-01</subfield></datafield><datafield ind1="1" ind2="0" tag="245"><subfield code="a">From Cuchulainn to Gawain</subfield><subfield code="b">Sources and analogues of &quot;Sir Gawain and the Green Knight&quot;.</subfield><subfield code="c">Selected and translated by Elisabeth Brewer</subfield></datafield><datafield ind1=" " ind2="1" tag="264"><subfield code="a">Cambridge</subfield><subfield code="b">D.S. Brewer</subfield><subfield code="c">1973</subfield></datafield><datafield ind1=" " ind2=" " tag="300"><subfield code="a">101 p.</subfield><subfield code="c">22 cm</subfield></datafield><datafield ind1=" " ind2=" " tag="336"><subfield code="b">txt</subfield><subfield code="2">rdacontent</subfield></datafield><datafield ind1=" " ind2=" " tag="337"><subfield code="b">n</subfield><subfield code="2">rdamedia</subfield></datafield><datafield ind1=" " ind2=" " tag="338"><subfield code="b">nc</subfield><subfield code="2">rdacarrier</subfield></datafield><datafield ind1=" " ind2=" " tag="504"><subfield code="a">Includes bibliographical references</subfield></datafield><datafield ind1="0" ind2="7" tag="600"><subfield code="a">Gawain-Poet.</subfield><subfield code="t">Sir Gawain and the green knight - sources</subfield><subfield code="0">(RERO)A010087443</subfield><subfield code="2">rero</subfield></datafield><datafield ind1="0" ind2="7" tag="600"><subfield code="a">Gawain-Dichter</subfield><subfield code="d">ca. 14.Jh.</subfield><subfield code="0">(DE-588)119194872</subfield><subfield code="2">gnd</subfield></datafield><datafield ind1="0" ind2="0" tag="630"><subfield code="a">Gawain and the Grene Knight</subfield><subfield code="v">Sources</subfield></datafield><datafield ind1="0" ind2="7" tag="630"><subfield code="a">Sir Gawain and the green knight</subfield><subfield code="0">(DE-588)4125015-1</subfield><subfield code="2">gnd</subfield></datafield><datafield ind1=" " ind2="0" tag="650"><subfield code="a">Gawain (Legendary character)</subfield><subfield code="v">Romances</subfield></datafield><datafield ind1=" " ind2="0" tag="650"><subfield code="a">Knights and knighthood in literature</subfield></datafield><datafield ind1=" " ind2="0" tag="650"><subfield code="a">Arthurian romances</subfield><subfield code="v">Sources</subfield></datafield><datafield ind1=" " ind2="0" tag="650"><subfield code="a">Cuchulain (Legendary character)</subfield></datafield><datafield ind1=" " ind2="0" tag="650"><subfield code="a">Heroes in literature</subfield></datafield><datafield ind1=" " ind2="0" tag="650"><subfield code="a">Mythology, Celtic</subfield></datafield><datafield ind1=" " ind2="6" tag="650"><subfield code="a">Gauvain (Personnage légendaire)</subfield><subfield code="x">Romans, nouvelles, etc</subfield></datafield><datafield ind1=" " ind2="7" tag="655"><subfield code="a">Quelle</subfield><subfield code="2">gnd-content</subfield></datafield><datafield ind1=" " ind2=" " tag="900"><subfield code="a">REROnoselfmerge</subfield></datafield><datafield ind1=" " ind2=" " tag="900"><subfield code="a">IDSZ2esmon201107r</subfield><subfield code="c">IDSZ2mart</subfield></datafield></record>
</metadata></record>