<record><header><identifier>oai:alma.41SLSP_UGE:991000002389705502</identifier><datestamp>2023-03-01T01:08:52Z</datestamp><setSpec>UNIGE_ALL</setSpec></header><metadata>
<record xmlns="http://www.loc.gov/MARC21/slim" xmlns:xsi="http://www.w3.org/2001/XMLSchema-instance" xsi:schemaLocation="http://www.loc.gov/MARC21/slim http://www.loc.gov/standards/marcxml/schema/MARC21slim.xsd"><leader>00886ngm a2200253 c 4500</leader><controlfield tag="001">991000002389705502</controlfield><controlfield tag="005">20201225175926.0</controlfield><controlfield tag="007">gs ||||||</controlfield><controlfield tag="008">911016s1976    fr ||| |          s|fre d</controlfield><datafield ind1=" " ind2=" " tag="035"><subfield code="a">(swissbib)085972770-41slsp_network</subfield></datafield><datafield ind1=" " ind2=" " tag="035"><subfield code="a">085972770</subfield><subfield code="9">ExL</subfield></datafield><datafield ind1=" " ind2=" " tag="035"><subfield code="a">(RERO)1440199-41slsp</subfield></datafield><datafield ind1=" " ind2=" " tag="035"><subfield code="a">(EXLNZ-41SLSP_NETWORK)991012924569705501</subfield></datafield><datafield ind1=" " ind2=" " tag="040"><subfield code="a">RERO geumed</subfield><subfield code="d">CH-ZuSLS</subfield></datafield><datafield ind1=" " ind2="7" tag="072"><subfield code="a">ba</subfield><subfield code="2">rero</subfield></datafield><datafield ind1="1" ind2=" " tag="100"><subfield code="a">Cartier-Bresson, Henri</subfield><subfield code="d">1908-2004</subfield><subfield code="0">(IDREF)027345335</subfield><subfield code="4">cre</subfield></datafield><datafield ind1="1" ind2="0" tag="245"><subfield code="a">Photographies</subfield><subfield code="c">Henri Cartier-Bresson ; [réunies] par le Nouvel Observateur</subfield></datafield><datafield ind1=" " ind2="1" tag="264"><subfield code="a">Paris</subfield><subfield code="b">Le Nouvel Observateur</subfield><subfield code="b">Delpire [prod.]</subfield><subfield code="c">1976</subfield></datafield><datafield ind1=" " ind2=" " tag="300"><subfield code="a">40 diapositives</subfield><subfield code="b">noir et blanc</subfield><subfield code="c">5 x 5 cm</subfield><subfield code="e">photocopie du texte (7 p. ; 30 cm)</subfield></datafield><datafield ind1=" " ind2=" " tag="336"><subfield code="b">sti</subfield><subfield code="2">rdacontent</subfield></datafield><datafield ind1=" " ind2=" " tag="337"><subfield code="b">g</subfield><subfield code="2">rdamedia</subfield></datafield><datafield ind1=" " ind2=" " tag="338"><subfield code="b">gs</subfield><subfield code="2">rdacarrier</subfield></datafield><datafield ind1="1" ind2=" " tag="490"><subfield code="a">Histoire de la photographie</subfield><subfield code="v">1</subfield></datafield><datafield ind1=" " ind2="0" tag="830"><subfield code="a">Histoire de la photographie</subfield><subfield code="v">1</subfield></datafield><datafield ind1=" " ind2=" " tag="900"><subfield code="a">REROnoselfmerge</subfield></datafield></record>
</metadata></record>