<record><header><identifier>oai:alma.41SLSP_UGE:991000003659705502</identifier><datestamp>2023-04-08T00:20:13Z</datestamp><setSpec>uge_bcen_RapidILL_BOOK</setSpec><setSpec>uge_aaca_RapidILL_BOOK</setSpec><setSpec>uge_abels_RapidILL_BOOK</setSpec><setSpec>uge_dbu_RapidILL_BOOK</setSpec><setSpec>uge_cmu_RapidILL_BOOK</setSpec><setSpec>uge_mail_RapidILL_BOOK</setSpec><setSpec>uge_abbat_RapidILL_BOOK</setSpec><setSpec>UNIGE_ALL</setSpec><setSpec>uge_aobs_RapidILL_BOOK</setSpec><setSpec>uge_acar_RapidILL_BOOK</setSpec></header><metadata>
<record xmlns="http://www.loc.gov/MARC21/slim" xmlns:xsi="http://www.w3.org/2001/XMLSchema-instance" xsi:schemaLocation="http://www.loc.gov/MARC21/slim http://www.loc.gov/standards/marcxml/schema/MARC21slim.xsd"><leader>02735nam a2200709 c 4500</leader><controlfield tag="001">991000003659705502</controlfield><controlfield tag="005">20230407145437.0</controlfield><controlfield tag="008">201011s2013    fr ||||| |||| 00| ||fre d</controlfield><datafield ind1=" " ind2=" " tag="015"><subfield code="a">01325701</subfield><subfield code="2">bnf</subfield></datafield><datafield ind1=" " ind2=" " tag="020"><subfield code="a">9782130589389</subfield><subfield code="q">br</subfield></datafield><datafield ind1=" " ind2=" " tag="020"><subfield code="a">2130589383</subfield><subfield code="q">br</subfield></datafield><datafield ind1="7" ind2=" " tag="024"><subfield code="a">http://catalogue.bnf.fr/ark:/12148/cb435852512</subfield><subfield code="2">uri</subfield></datafield><datafield ind1=" " ind2=" " tag="035"><subfield code="a">(swissbib)211496499-41slsp_network</subfield></datafield><datafield ind1=" " ind2=" " tag="035"><subfield code="a">211496499</subfield><subfield code="9">ExL</subfield></datafield><datafield ind1=" " ind2=" " tag="035"><subfield code="a">(RERO)R007313084-41slsp</subfield></datafield><datafield ind1=" " ind2=" " tag="035"><subfield code="a">(NEBIS)010193652EBI01</subfield></datafield><datafield ind1=" " ind2=" " tag="035"><subfield code="a">(OCoLC)847567246</subfield></datafield><datafield ind1=" " ind2=" " tag="035"><subfield code="a">(EXLNZ-41SLSP_NETWORK)991023389029705501</subfield></datafield><datafield ind1=" " ind2=" " tag="040"><subfield code="a">FRBNF</subfield><subfield code="d">CH-ZuSLS</subfield></datafield><datafield ind1=" " ind2=" " tag="050"><subfield code="a">JC11</subfield><subfield code="b">.B37 2013</subfield></datafield><datafield ind1=" " ind2="7" tag="072"><subfield code="a">sp</subfield><subfield code="2">rero</subfield></datafield><datafield ind1=" " ind2="7" tag="072"><subfield code="a">dr</subfield><subfield code="2">rero</subfield></datafield><datafield ind1="0" ind2="0" tag="082"><subfield code="a">342.001</subfield></datafield><datafield ind1="1" ind2="4" tag="082"><subfield code="a">342.001</subfield><subfield code="2">22</subfield></datafield><datafield ind1=" " ind2=" " tag="084"><subfield code="a">A 34 h</subfield><subfield code="2">cjurrom</subfield></datafield><datafield ind1="1" ind2=" " tag="100"><subfield code="a">Basilien-Gainche, Marie-Laure</subfield><subfield code="c">juriste</subfield><subfield code="d">1971-....</subfield><subfield code="0">(IDREF)060735643</subfield><subfield code="4">cre</subfield></datafield><datafield ind1="1" ind2="0" tag="245"><subfield code="a">État de droit et états d'exception</subfield><subfield code="b">une conception de l'État</subfield><subfield code="c">Marie-Laure Basilien-Gainche</subfield></datafield><datafield ind1=" " ind2="1" tag="264"><subfield code="a">Paris</subfield><subfield code="b">Presses Universitaires de France</subfield><subfield code="c">impr. 2013</subfield></datafield><datafield ind1=" " ind2=" " tag="300"><subfield code="a">303 p.</subfield><subfield code="b">couv. ill. en coul.</subfield></datafield><datafield ind1=" " ind2=" " tag="336"><subfield code="b">txt</subfield><subfield code="2">rdacontent</subfield></datafield><datafield ind1=" " ind2=" " tag="337"><subfield code="b">n</subfield><subfield code="2">rdamedia</subfield></datafield><datafield ind1=" " ind2=" " tag="338"><subfield code="b">nc</subfield><subfield code="2">rdacarrier</subfield></datafield><datafield ind1="0" ind2=" " tag="490"><subfield code="a">Fondements de la politique. Série essais</subfield></datafield><datafield ind1=" " ind2=" " tag="500"><subfield code="a">Bibliogr. p. 289-296</subfield></datafield><datafield ind1=" " ind2=" " tag="500"><subfield code="a">ISSN exact : 1242-8124</subfield></datafield><datafield ind1=" " ind2=" " tag="504"><subfield code="a">Bibliogr.: p. [289]-296</subfield></datafield><datafield ind1=" " ind2="7" tag="650"><subfield code="a">Pouvoirs exceptionnels</subfield><subfield code="0">(IDREF)027835707</subfield><subfield code="2">idref</subfield></datafield><datafield ind1=" " ind2="7" tag="650"><subfield code="a">Primauté du droit</subfield><subfield code="0">(IDREF)029338212</subfield><subfield code="2">idref</subfield></datafield><datafield ind1=" " ind2="7" tag="650"><subfield code="a">État</subfield><subfield code="0">(IDREF)027297942</subfield><subfield code="2">idref</subfield></datafield><datafield ind1=" " ind2="7" tag="650"><subfield code="a">Ordre public</subfield><subfield code="0">(IDREF)027743225</subfield><subfield code="2">idref</subfield></datafield><datafield ind1=" " ind2="7" tag="650"><subfield code="a">Démocratie</subfield><subfield code="0">(IDREF)027358054</subfield><subfield code="2">idref</subfield></datafield><datafield ind1=" " ind2="7" tag="650"><subfield code="a">Droit constitutionnel</subfield><subfield code="0">(IDREF)02726095X</subfield><subfield code="2">idref</subfield></datafield><datafield ind1=" " ind2="7" tag="650"><subfield code="a">Rechtsstaat</subfield><subfield code="0">(DE-588)4129195-5</subfield><subfield code="2">gnd</subfield></datafield><datafield ind1=" " ind2="7" tag="650"><subfield code="a">Ausnahmezustand</subfield><subfield code="0">(DE-588)4128999-7</subfield><subfield code="2">gnd</subfield></datafield><datafield ind1=" " ind2="7" tag="650"><subfield code="a">Staatslehre</subfield><subfield code="0">(DE-588)4077784-4</subfield><subfield code="2">gnd</subfield></datafield><datafield ind1=" " ind2="6" tag="650"><subfield code="a">État</subfield><subfield code="x">Philosophie</subfield></datafield><datafield ind1=" " ind2="6" tag="650"><subfield code="a">Règle de droit</subfield></datafield><datafield ind1=" " ind2="6" tag="650"><subfield code="a">Pouvoirs exceptionnels</subfield></datafield><datafield ind1=" " ind2="6" tag="650"><subfield code="a">Science politique</subfield><subfield code="x">Philosophie</subfield></datafield><datafield ind1=" " ind2="7" tag="650"><subfield code="a">Primauté du droit</subfield><subfield code="2">ram</subfield></datafield><datafield ind1=" " ind2="7" tag="650"><subfield code="a">Pouvoirs exceptionnels</subfield><subfield code="2">ram</subfield></datafield><datafield ind1=" " ind2="7" tag="650"><subfield code="a">Droit</subfield><subfield code="2">rasuqam</subfield></datafield><datafield ind1=" " ind2="7" tag="650"><subfield code="a">Droits civils</subfield><subfield code="2">rasuqam</subfield></datafield><datafield ind1=" " ind2="7" tag="650"><subfield code="a">État</subfield><subfield code="2">rasuqam</subfield></datafield><datafield ind1=" " ind2="7" tag="650"><subfield code="a">État de droit</subfield><subfield code="2">rasuqam</subfield></datafield><datafield ind1=" " ind2="7" tag="650"><subfield code="a">État de nécessité (Droit international public)</subfield><subfield code="2">rasuqam</subfield></datafield><datafield ind1=" " ind2="7" tag="650"><subfield code="a">Philosophie politique</subfield><subfield code="2">rasuqam</subfield></datafield><datafield ind1=" " ind2="7" tag="650"><subfield code="a">Pouvoir politique</subfield><subfield code="2">rasuqam</subfield></datafield><datafield ind1="4" ind2=" " tag="856"><subfield code="3">Titelblatt und Inhaltsverzeichnis</subfield><subfield code="u">https://toc.library.ethz.ch/objects/pdf03/z16_978-2-13-058938-9_01.pdf</subfield><subfield code="q">pdf</subfield></datafield><datafield ind1=" " ind2=" " tag="900"><subfield code="a">REROnoselfmerge</subfield></datafield><datafield ind1=" " ind2=" " tag="900"><subfield code="a">IDSZ2rwimon201410f</subfield><subfield code="c">IDSZ2buche 141002</subfield><subfield code="d">IDSZ2rwiswk201411b</subfield><subfield code="e">IDSZ2meim</subfield></datafield><datafield ind1=" " ind2=" " tag="910"><subfield code="a">BNF</subfield><subfield code="b">20130605</subfield><subfield code="c">Droits réservés</subfield></datafield><datafield ind1=" " ind2=" " tag="949"><subfield code="a">https://toc.library.ethz.ch/objects/pdf03/z16_978-2-13-058938-9_01.pdf</subfield></datafield></record>
</metadata></record>