<record><header><identifier>oai:alma.41SLSP_UGE:991000019679705502</identifier><datestamp>2024-10-18T00:08:51Z</datestamp><setSpec>uge_bcen_RapidILL_BOOK</setSpec><setSpec>uge_aaca_RapidILL_BOOK</setSpec><setSpec>uge_abels_RapidILL_BOOK</setSpec><setSpec>uge_dbu_RapidILL_BOOK</setSpec><setSpec>uge_cmu_RapidILL_BOOK</setSpec><setSpec>uge_mail_RapidILL_BOOK</setSpec><setSpec>uge_abbat_RapidILL_BOOK</setSpec><setSpec>UNIGE_ALL</setSpec><setSpec>uge_aobs_RapidILL_BOOK</setSpec><setSpec>uge_acar_RapidILL_BOOK</setSpec></header><metadata>
<record xmlns="http://www.loc.gov/MARC21/slim" xmlns:xsi="http://www.w3.org/2001/XMLSchema-instance" xsi:schemaLocation="http://www.loc.gov/MARC21/slim http://www.loc.gov/standards/marcxml/schema/MARC21slim.xsd"><leader>08884nam a2200745 c 4500</leader><controlfield tag="001">991000019679705502</controlfield><controlfield tag="005">20241017104913.0</controlfield><controlfield tag="008">201011s2012    sz ||||| |||| 00| ||ger d</controlfield><datafield ind1=" " ind2=" " tag="019"><subfield code="a">vsbcvs/06.2012</subfield></datafield><datafield ind1=" " ind2=" " tag="020"><subfield code="a">9783280072752</subfield><subfield code="c">ca. CHF 59.00</subfield></datafield><datafield ind1=" " ind2=" " tag="035"><subfield code="a">(swissbib)213684500-41slsp_network</subfield></datafield><datafield ind1=" " ind2=" " tag="035"><subfield code="a">213684500</subfield><subfield code="9">ExL</subfield></datafield><datafield ind1=" " ind2=" " tag="035"><subfield code="a">(RERO)R007085935-41slsp</subfield></datafield><datafield ind1=" " ind2=" " tag="035"><subfield code="a">(IDSBB)005954276DSV01</subfield></datafield><datafield ind1=" " ind2=" " tag="035"><subfield code="a">(IDSLU)001047160ILU01</subfield></datafield><datafield ind1=" " ind2=" " tag="035"><subfield code="a">(NEBIS)007311689EBI01</subfield></datafield><datafield ind1=" " ind2=" " tag="035"><subfield code="a">(IDSSG)000555851HSB01</subfield></datafield><datafield ind1=" " ind2=" " tag="035"><subfield code="a">(ALEX)bv001478209</subfield></datafield><datafield ind1=" " ind2=" " tag="035"><subfield code="a">(EXLNZ-41SLSP_NETWORK)991099454299705501</subfield></datafield><datafield ind1=" " ind2=" " tag="040"><subfield code="a">GyFmDB</subfield><subfield code="d">CH-ZuSLS</subfield></datafield><datafield ind1=" " ind2=" " tag="044"><subfield code="a">sz</subfield><subfield code="c">ch-zh</subfield></datafield><datafield ind1=" " ind2="7" tag="072"><subfield code="a">dr</subfield><subfield code="2">rero</subfield></datafield><datafield ind1=" " ind2="7" tag="072"><subfield code="a">rw</subfield><subfield code="2">SzZuIDS BS/BE</subfield></datafield><datafield ind1=" " ind2="7" tag="072"><subfield code="a">807</subfield><subfield code="2">IDS LU</subfield></datafield><datafield ind1=" " ind2="7" tag="072"><subfield code="a">841</subfield><subfield code="2">IDS LU</subfield></datafield><datafield ind1="7" ind2="4" tag="082"><subfield code="a">340</subfield><subfield code="2">23sdnb</subfield></datafield><datafield ind1="0" ind2="4" tag="082"><subfield code="a">346.49402</subfield><subfield code="2">22/ger</subfield></datafield><datafield ind1=" " ind2=" " tag="084"><subfield code="a">CA/CH 71 g</subfield><subfield code="2">cjurrom</subfield></datafield><datafield ind1="1" ind2=" " tag="100"><subfield code="6">880-01</subfield><subfield code="a">Aebi, Martin</subfield><subfield code="d">1973-</subfield><subfield code="0">(DE-588)130561053</subfield><subfield code="4">aut</subfield></datafield><datafield ind1="1" ind2=" " tag="880"><subfield code="6">100-01</subfield><subfield code="a">Aebi, Martin</subfield><subfield code="0">(IDREF)200473522</subfield><subfield code="4">aut</subfield></datafield><datafield ind1="1" ind2="0" tag="245"><subfield code="a">Repetitorium Obligationenrecht Allgemeiner Teil</subfield><subfield code="b">kurz gefasste Darstellung mit Schemata, Übungen und Lösungen, ohne ausservertragliches Haftpflichtrecht</subfield><subfield code="c">Martin Aebi, Michael Fischer</subfield></datafield><datafield ind1="1" ind2="0" tag="246"><subfield code="a">Obligationenrecht Allgemeiner Teil</subfield></datafield><datafield ind1=" " ind2=" " tag="250"><subfield code="a">3., überarb. Aufl.</subfield></datafield><datafield ind1=" " ind2="1" tag="264"><subfield code="a">Zürich</subfield><subfield code="b">Orell Füssli</subfield><subfield code="c">2012</subfield></datafield><datafield ind1=" " ind2=" " tag="300"><subfield code="a">202 S.</subfield><subfield code="b">Ill.</subfield><subfield code="c">30 cm</subfield></datafield><datafield ind1=" " ind2=" " tag="336"><subfield code="b">txt</subfield><subfield code="2">rdacontent</subfield></datafield><datafield ind1=" " ind2=" " tag="337"><subfield code="b">n</subfield><subfield code="2">rdamedia</subfield></datafield><datafield ind1=" " ind2=" " tag="338"><subfield code="b">nc</subfield><subfield code="2">rdacarrier</subfield></datafield><datafield ind1="0" ind2=" " tag="490"><subfield code="a">Repetitorien Recht</subfield></datafield><datafield ind1=" " ind2=" " tag="500"><subfield code="a">Register</subfield></datafield><datafield ind1="1" ind2="7" tag="610"><subfield code="a">Schweiz</subfield><subfield code="t">Obligationenrecht</subfield><subfield code="p">Allgemeiner Teil</subfield><subfield code="2">gnd</subfield><subfield code="0">(DE-588)1043184546</subfield></datafield><datafield ind1=" " ind2="7" tag="650"><subfield code="a">Obligations (droit)</subfield><subfield code="0">(IDREF)027265846</subfield><subfield code="2">idref</subfield></datafield><datafield ind1=" " ind2="7" tag="650"><subfield code="a">allgemeiner Teil des Obligationenrechts</subfield><subfield code="9">ger</subfield><subfield code="0">(RERO)jurivoc000050727ger</subfield><subfield code="2">jurivoc</subfield></datafield><datafield ind1=" " ind2="7" tag="650"><subfield code="a">Obligationenrecht</subfield><subfield code="9">ger</subfield><subfield code="0">(RERO)jurivoc000016243ger</subfield><subfield code="2">jurivoc</subfield></datafield><datafield ind1=" " ind2="7" tag="651"><subfield code="a">Suisse</subfield><subfield code="0">(IDREF)027249654</subfield><subfield code="2">idref</subfield></datafield><datafield ind1=" " ind2="7" tag="651"><subfield code="a">Schweiz</subfield><subfield code="9">ger</subfield><subfield code="0">(RERO)jurivoc000019912ger</subfield><subfield code="2">jurivoc</subfield></datafield><datafield ind1=" " ind2="7" tag="655"><subfield code="a">Manuels d'enseignement</subfield><subfield code="0">(IDREF)027446514</subfield><subfield code="2">idref</subfield></datafield><datafield ind1=" " ind2="7" tag="655"><subfield code="a">Lehrmittel</subfield><subfield code="9">ger</subfield><subfield code="2">jurivoc</subfield><subfield code="0">(RERO)jurivoc000014108ger</subfield></datafield><datafield ind1=" " ind2="7" tag="655"><subfield code="a">Fallsammlung</subfield><subfield code="2">gnd-content</subfield></datafield><datafield ind1=" " ind2="7" tag="655"><subfield code="a">Lehrbuch</subfield><subfield code="2">gnd-content</subfield></datafield><datafield ind1=" " ind2=" " tag="690"><subfield code="a">Aufhebungsvertrag; Übersicht; Schuldrecht; Erfüllung; Gesetz; Wahlrecht; Leistungsverweigerung; Haftfestigkeit; Abgrenzung; Abtretung; Forderungsübergang; Nebenwirkung; Zusammenwirkung; Freiheit; Auslegung; Folge; Schaden; Ermächtigung; Umfang; Verletzung; Ausbeulung; Berechnung; Simulation; Anleihe; Laufzeit; Regel</subfield><subfield code="2">idssg-J</subfield></datafield><datafield ind1=" " ind2=" " tag="690"><subfield code="a">Nichterfüllung; Bereicherungsanspruch; Rechtsfolge; Schuldhaftung; Vertragsergänzung; Kausalzusammenhang; Rechtsverhältnis; Rechtswirkung; Vertragsfreiheit; Vertragsverletzung; Parteivereinbarung; Schuldvertrag; Alternativermächtigung; Erfüllungsstörung; Formfreiheit; Gegenforderung; Inhaltsfreiheit; Mitwirkungshandlung; Nachfristansetzung; Nichtleistung; Schadensberechnung; Schlechterfüllung; Schuldverhältnis; Täuschungshandlung; Vertragauslegung; Vertragsleistung; Vertrauenshaftung; Willensäusserung; Zufallshaftung; Auftragsrecht; Auslegungsregel; Erfüllungsanspruch; Haftpflichtrecht; Leistungsverweigerungsrecht; Nebenrecht; Obligationenrecht; Rücktrittsrecht; Schuldübernahme; Vertrauensprinzip; Widerrufsrecht; Abschlussfreiheit; Außenverhältnis; Entstehungsgrund; Formungültigkeit; Formzwang; Gleichartigkeit; Gläubigerschaden; Grundverhältnis; Hauptwirkung; Inhaltsübersicht; Innenverhältnis; Kontokorrentverhältnis; Leistungsmöglichkeit; Partnerwahlfreiheit; Schutzwirkung; Suspensivbedingung; Typenfreiheit; Verspätungsschaden; Vertragsverhandlungsverhältnis; Wegbedingung; Änderungsfreiheit; Reugeld; Sonderfall; Verzugsfolge; Willenserklärung; Abkürzungsverzeichnis; Erklärungsirrtum; Erlöschensgrund; Fremdwährung; Fristbeginn; Gesetzesvorschrift; Grundlagenirrtum; Landeswährung; Leistungsangebot; Literaturverzeichnis; Motivirrtum; Scherzerklärung; Schuldbeitritt; Verrechnungsausschluss; Verrechnungserklärung; Vertragsschluss; Anwendungsbereich; Auslegungsmittel; Bestätigungsschreiben; Empfangsbedürftiger; Erfüllungsempfänger; Erfüllungsort; Erfüllungssurrogat; Fahrlässigkeitsbegriff; Gattungsschuld; Gläubigermehrheit; Gläubigerwechsel; Grundbegriff; Haustürgeschäft; Hilfsperson; Holschuld; Leistungspflicht; Mitwirkungsform; Nebenpflicht; Nebenpunkt; Rechnungsfehler; Rechtsnatur; Schadenersatzpflicht; Schadensart; Schadenselement; Schuldbekenntnis; Schuldnermehrheit</subfield><subfield code="2">idssg-J</subfield></datafield><datafield ind1=" " ind2=" " tag="690"><subfield code="a">; Solidarschuldner; Sondertatbestand; Stellvertretung; Teilgläubigerschaft; Teilschuldner; Theorienstreit; Täuschungsabsicht; Verfalltag; Verjährungsfrist; Verschuldensformen; Versendungsschuld; Vertragsabschluss; Vertragsart; Vertragsinteresse; Vertragspartei; Vertragspunkt; Vertretungsmacht; Vorleistungspflicht; Wahlrechter; Willensmangel; Zinspflicht</subfield><subfield code="2">idssg-J</subfield></datafield><datafield ind1=" " ind2=" " tag="690"><subfield code="a">kausale Natur; objektive Unmöglichkeit; rechtswidriger Inhalt; tatsächliche Unmöglichkeit; teilweise Unmöglichkeit; unverschuldete Unmöglichkeit; verschuldete Unmöglichkeit; vorübergehende Unmöglichkeit; wesentlicher Erklärungsirrtum; absichtliche Täuschung; abstrakte Natur; abstraktes Schuldbekenntnis; adäquater Kausalzusammenhang; allgemeine Geschäftsbedingung; allgemeiner Teil; allgemeine Voraussetzung; ausservertragliches Haftpflichtrecht; bargeldlose Erfüllung; besonderer Teil; besonderes Verhältnis; bestimmter Verfalltag; bloßer Rechnungsfehler; dauernde Unmöglichkeit; dritte Person; echte Stellvertretung; echter Vertrag; eigenes Verschulden; einseitige Unverbindlichkeit; einseitiges Rechtsgeschäft; einzelner Erlöschensgrund; erfolgter Vertragsabschluss; erfüllter Vertrag; ersatzloser Untergang; erstes Wahlrecht; externe Schuldübernahme; faktische Beschränkung; formbedürftiges Rechtsgeschäft; formbedürftiger Vertrag; fremder Name; gefasste Darstellung; gegründete Furcht; gehörige Erfüllung; gemeinschaftlicher Schuldner; geschuldeter Schadenersatz; gesetzliche Formvorschrift; gesetzliche Regel; gewollte Abweichung; gute Sitte; gänzliche Unmöglichkeit; hohe Konventionalstrafe; hypothetische Vorwerfbarkeit; interne Schuldübernahme; kaufmännisches Bestätigungsschreiben; kumulative Schuldübernahme; mögliche Form; nachträgliche Unmöglichkeit; negatives Vertragsinteresse; nichtgehörige Erfüllung; notwendige Mitwirkungshandlung; persönliche Leistungspflicht; positives Vertragsinteresse; positive Vertragsverletzung; rechtliche Schranke; rechtliche Unmöglichkeit; sittenwidriger Inhalt; stellvertretend Commodum; subjektive Unmöglichkeit; unechter Vertrag; unerlaubte Handlung; ungerechtfertigte Bereicherung; ungerechtfertigte Verweigerung; ungewollte Abweichung; unmöglicher Inhalt; unteilbare Leistung; unverschuldete Unmöglichkeit; unvollkommene Obligation</subfield><subfield code="2">idssg-J</subfield></datafield><datafield ind1=" " ind2=" " tag="690"><subfield code="a">; unwesentlicher Erklärungsirrtum; verschuldensabhängige Rechtsfolge; verschuldensunabhängige Rechtsfolge; vertretener Vertreter; verzugshindernder Grund; verändertes Verhältnis; weitere Voraussetzung; wesentlicher Vertragspunkt; widerrechtlicher Inhalt; zweiseitiger Vertrag; zweites Wahlrecht; überarbeitete Auflage; übereinstimmende Willensäußerung; übriger Entstehungsgrund</subfield><subfield code="2">idssg-J</subfield></datafield><datafield ind1=" " ind2=" " tag="690"><subfield code="a">B. Abtretung; B. Anwendungsbereich; B. Beendigung; B. Irrtum; B. Mehrzahl; B. Schranken; B. Stellvertretung; B. Vertragsauslegung; C. Beziehungen; C. Erlöschen; C. Rechtsfolge; C. Schuldübernahme; C. Vertragsanpassung; C. Voraussetzungen; C. Übervorteilung; C. Übungen; D. Furchterregung; D. Gegenstand; D. Rechtsfolgen; D. Sonderfälle; D. Vorvertrag; D. Übungen; E. Haftung; E. Oü; E. Rechtslage; E. Sicherung; E. Verjährung; F. Übungen; G. Geldschulden; G. Schuldnerverzug; J. Gläubigerverzug; K. Übungen; Martin Aebi Michael Fischer Repetitorium Obligationenrecht; Ol Verzugshindernde Gründe; Teil Abtretung Schuldübernahme; Teil Auslegung Ergänzung; Teil Besondere Verhältnisse; Teil Ungerechtfertigte Bereicherung; wesentlich Vertragspunkte Nebenpunkte</subfield><subfield code="2">idssg-J</subfield></datafield><datafield ind1=" " ind2=" " tag="691"><subfield code="e">PC 71 CH</subfield><subfield code="2">rzs-L1</subfield></datafield><datafield ind1="1" ind2=" " tag="700"><subfield code="6">880-02</subfield><subfield code="a">Fischer, Michael</subfield><subfield code="d">1973-</subfield><subfield code="0">(DE-588)1161573135</subfield><subfield code="4">aut</subfield></datafield><datafield ind1="1" ind2=" " tag="880"><subfield code="6">700-02</subfield><subfield code="a">Fischer, Michael</subfield><subfield code="0">(IDREF)200473506</subfield><subfield code="4">aut</subfield></datafield><datafield ind1="4" ind2=" " tag="856"><subfield code="3">Titelblatt und Inhaltsverzeichnis</subfield><subfield code="u">https://toc.library.ethz.ch/objects/pdf/z01_978-3-280-07275-2_01.pdf</subfield><subfield code="q">pdf</subfield></datafield><datafield ind1=" " ind2=" " tag="900"><subfield code="a">IDSZ2rwimon201209l</subfield><subfield code="c">IDSZ2rosi</subfield><subfield code="d">IDSZ2rwiswk201209b</subfield><subfield code="e">IDSZ2sust</subfield></datafield><datafield ind1=" " ind2=" " tag="900"><subfield code="a">IDSZ1ZH</subfield></datafield><datafield ind1=" " ind2=" " tag="900"><subfield code="a">IDSZ2zbzmon201209f</subfield><subfield code="c">IDSZ2knec</subfield><subfield code="d">IDSZ2zbzswk201209u</subfield><subfield code="e">IDSZ2bruu</subfield></datafield><datafield ind1=" " ind2=" " tag="900"><subfield code="a">IDSZ2zbzmon201212l</subfield><subfield code="c">IDSZ2meyc</subfield></datafield><datafield ind1=" " ind2=" " tag="900"><subfield code="a">Stoppsignal FRED</subfield><subfield code="x">UBE/B465/202410</subfield></datafield><datafield ind1=" " ind2=" " tag="949"><subfield code="a">https://toc.library.ethz.ch/objects/pdf/z01_978-3-280-07275-2_01.pdf</subfield></datafield></record>
</metadata></record>