<record><header><identifier>oai:alma.41SLSP_UGE:991000052239705502</identifier><datestamp>2023-03-01T01:08:52Z</datestamp><setSpec>UNIGE_ALL</setSpec></header><metadata>
<record xmlns="http://www.loc.gov/MARC21/slim" xmlns:xsi="http://www.w3.org/2001/XMLSchema-instance" xsi:schemaLocation="http://www.loc.gov/MARC21/slim http://www.loc.gov/standards/marcxml/schema/MARC21slim.xsd"><leader>00844njm a22002537c 4500</leader><controlfield tag="001">991000052239705502</controlfield><controlfield tag="005">20211024130812.0</controlfield><controlfield tag="007">sd b||||||||||</controlfield><controlfield tag="008">110122nuuuuuuuuxx ||n |            ger d</controlfield><datafield ind1="0" ind2="2" tag="028"><subfield code="a">Bärenreiter BM 30 SL 1616</subfield></datafield><datafield ind1=" " ind2=" " tag="035"><subfield code="a">(swissbib)113542992-41slsp_network</subfield></datafield><datafield ind1=" " ind2=" " tag="035"><subfield code="a">113542992</subfield><subfield code="9">ExL</subfield></datafield><datafield ind1=" " ind2=" " tag="035"><subfield code="a">(RERO)R006019163-41slsp</subfield></datafield><datafield ind1=" " ind2=" " tag="035"><subfield code="a">(EXLNZ-41SLSP_NETWORK)991090221879705501</subfield></datafield><datafield ind1=" " ind2=" " tag="040"><subfield code="a">RERO geulmu</subfield><subfield code="d">CH-ZuSLS</subfield></datafield><datafield ind1=" " ind2="7" tag="072"><subfield code="a">mu</subfield><subfield code="2">rero</subfield></datafield><datafield ind1="1" ind2=" " tag="100"><subfield code="a">Janáček, Leoš</subfield><subfield code="d">1854-1928</subfield><subfield code="0">(IDREF)027304566</subfield><subfield code="4">cre</subfield></datafield><datafield ind1="1" ind2="0" tag="245"><subfield code="a">Lachische Tänze</subfield><subfield code="b">; Symphonisches Bild : Eifersucht ; Sinfonische Dichtungen</subfield><subfield code="c">Leos Janácek</subfield></datafield><datafield ind1=" " ind2=" " tag="300"><subfield code="a">1 disque sonore</subfield><subfield code="b">33 t.</subfield></datafield><datafield ind1=" " ind2=" " tag="336"><subfield code="b">prm</subfield><subfield code="2">rdacontent</subfield></datafield><datafield ind1=" " ind2=" " tag="337"><subfield code="b">s</subfield><subfield code="2">rdamedia</subfield></datafield><datafield ind1=" " ind2=" " tag="338"><subfield code="b">sd</subfield><subfield code="2">rdacarrier</subfield></datafield><datafield ind1=" " ind2=" " tag="500"><subfield code="a">Formation: orchestre de chambre</subfield></datafield><datafield ind1="1" ind2=" " tag="700"><subfield code="a">Waldhans, Jiří</subfield><subfield code="d">1923-1995</subfield><subfield code="0">(IDREF)250612372</subfield></datafield><datafield ind1=" " ind2=" " tag="900"><subfield code="a">REROnoselfmerge</subfield></datafield><datafield ind1=" " ind2=" " tag="960"><subfield code="2">matmu</subfield><subfield code="a">Tchécoslovaquie ; Postromantisme ; XIX-XXe ; Orchestre</subfield><subfield code="9">LOCAL</subfield></datafield></record>
</metadata></record>