<record><header><identifier>oai:alma.41SLSP_UGE:991000051619705502</identifier><datestamp>2023-10-29T01:38:38Z</datestamp><setSpec>uge_bcen_RapidILL_BOOK</setSpec><setSpec>uge_aaca_RapidILL_BOOK</setSpec><setSpec>uge_abels_RapidILL_BOOK</setSpec><setSpec>uge_dbu_RapidILL_BOOK</setSpec><setSpec>uge_cmu_RapidILL_BOOK</setSpec><setSpec>uge_mail_RapidILL_BOOK</setSpec><setSpec>UNIGE_ALL</setSpec><setSpec>uge_abbat_RapidILL_BOOK</setSpec><setSpec>uge_acar_RapidILL_BOOK</setSpec><setSpec>uge_aobs_RapidILL_BOOK</setSpec></header><metadata>
<record xmlns="http://www.loc.gov/MARC21/slim" xmlns:xsi="http://www.w3.org/2001/XMLSchema-instance" xsi:schemaLocation="http://www.loc.gov/MARC21/slim http://www.loc.gov/standards/marcxml/schema/MARC21slim.xsd"><leader>02113nam a2200565 ca4500</leader><controlfield tag="001">991000051619705502</controlfield><controlfield tag="005">20230328201105.0</controlfield><controlfield tag="008">201011m20072022it |||||      00| ||grc|d</controlfield><datafield ind1=" " ind2=" " tag="020"><subfield code="a">9788884984463</subfield><subfield code="q">vol. 1</subfield><subfield code="c">58.00 EUR</subfield></datafield><datafield ind1=" " ind2=" " tag="020"><subfield code="z">9788884984465</subfield><subfield code="q">vol. 1</subfield></datafield><datafield ind1=" " ind2=" " tag="020"><subfield code="a">9788863721621</subfield><subfield code="q">vol. 2</subfield></datafield><datafield ind1=" " ind2=" " tag="020"><subfield code="a">9788863728033</subfield><subfield code="q">vol. 3</subfield></datafield><datafield ind1=" " ind2=" " tag="020"><subfield code="a">9788893594141</subfield><subfield code="q">vol. 4</subfield></datafield><datafield ind1=" " ind2=" " tag="020"><subfield code="a">9788893596404</subfield><subfield code="q">vol. 5</subfield></datafield><datafield ind1=" " ind2=" " tag="035"><subfield code="a">(swissbib)228798655-41slsp_network</subfield></datafield><datafield ind1=" " ind2=" " tag="035"><subfield code="a">228798655</subfield><subfield code="9">ExL</subfield></datafield><datafield ind1=" " ind2=" " tag="035"><subfield code="a">(IDSBB)004571532DSV01</subfield></datafield><datafield ind1=" " ind2=" " tag="035"><subfield code="a">(RERO)R004698054-41slsp</subfield></datafield><datafield ind1=" " ind2=" " tag="035"><subfield code="a">(EXLNZ-41SLSP_NETWORK)991106454719705501</subfield></datafield><datafield ind1=" " ind2=" " tag="040"><subfield code="a">ItFiC</subfield><subfield code="e">rda</subfield><subfield code="d">CH-ZuSLS</subfield></datafield><datafield ind1="0" ind2=" " tag="041"><subfield code="a">grc</subfield><subfield code="a">gre</subfield><subfield code="a">lat</subfield></datafield><datafield ind1=" " ind2="7" tag="072"><subfield code="a">gr</subfield><subfield code="2">rero</subfield></datafield><datafield ind1="1" ind2=" " tag="080"><subfield code="a">875HOMER89</subfield></datafield><datafield ind1="1" ind2="4" tag="082"><subfield code="a">883</subfield><subfield code="2">21</subfield></datafield><datafield ind1="7" ind2="4" tag="082"><subfield code="a">880</subfield><subfield code="2">23sdnb</subfield></datafield><datafield ind1="0" ind2="0" tag="245"><subfield code="a">Scholia graeca in Odysseam</subfield><subfield code="c">edidit Filippomaria Pontani</subfield></datafield><datafield ind1=" " ind2=" " tag="250"><subfield code="a">Prima edizione</subfield></datafield><datafield ind1=" " ind2="1" tag="264"><subfield code="a">Roma</subfield><subfield code="b">Edizioni di storia e letteratura</subfield><subfield code="c">2007-2022</subfield></datafield><datafield ind1=" " ind2=" " tag="300"><subfield code="a">5 Bände</subfield><subfield code="c">24 cm</subfield></datafield><datafield ind1=" " ind2=" " tag="336"><subfield code="b">txt</subfield><subfield code="2">rdacontent</subfield></datafield><datafield ind1=" " ind2=" " tag="337"><subfield code="b">n</subfield><subfield code="2">rdamedia</subfield></datafield><datafield ind1=" " ind2=" " tag="338"><subfield code="b">nc</subfield><subfield code="2">rdacarrier</subfield></datafield><datafield ind1="1" ind2=" " tag="490"><subfield code="a">Pleiadi (Edizioni di Storia e Letteratura)</subfield><subfield code="v">6</subfield></datafield><datafield ind1=" " ind2=" " tag="500"><subfield code="a">Critical edition</subfield></datafield><datafield ind1=" " ind2=" " tag="500"><subfield code="a">Odyssey, poem by Homer (ca. 8th-7th cent.)</subfield></datafield><datafield ind1=" " ind2=" " tag="504"><subfield code="a">Includes bibliographical references</subfield></datafield><datafield ind1="0" ind2="0" tag="505"><subfield code="g">1</subfield><subfield code="t">Scholia ad libros α-β</subfield></datafield><datafield ind1="0" ind2="0" tag="505"><subfield code="g">2</subfield><subfield code="t">Scholia ad libros γ-δ</subfield></datafield><datafield ind1="0" ind2="0" tag="505"><subfield code="g">3</subfield><subfield code="t">Scholia ad libros ε-ζ</subfield></datafield><datafield ind1="0" ind2="0" tag="505"><subfield code="g">4</subfield><subfield code="t">Scholia ad libros η-θ</subfield></datafield><datafield ind1="0" ind2="0" tag="505"><subfield code="g">5</subfield><subfield code="t">Scholia ad libros ι-κ</subfield></datafield><datafield ind1=" " ind2=" " tag="546"><subfield code="a">Text lateinisch, altgriechisch und neugriechisch</subfield></datafield><datafield ind1="0" ind2="7" tag="600"><subfield code="a">Homerus</subfield><subfield code="x">Odyssee</subfield><subfield code="x">Scholien</subfield><subfield code="2">idsbb</subfield></datafield><datafield ind1="0" ind2="7" tag="600"><subfield code="a">Homère</subfield><subfield code="d">08..?-08..? av. J.-C.</subfield><subfield code="t">Odyssée</subfield><subfield code="0">(IDREF)027271714</subfield><subfield code="2">idref</subfield></datafield><datafield ind1=" " ind2="7" tag="655"><subfield code="a">Scolies</subfield><subfield code="0">(IDREF)027531198</subfield><subfield code="2">idref</subfield></datafield><datafield ind1="1" ind2=" " tag="700"><subfield code="6">880-02</subfield><subfield code="a">Pontani, Filippomaria</subfield><subfield code="d">1976-....</subfield><subfield code="0">(IDREF)076373479</subfield><subfield code="4">edt</subfield></datafield><datafield ind1="1" ind2=" " tag="880"><subfield code="a">Pontani, Filippomaria</subfield><subfield code="d">1976-</subfield><subfield code="6">700-02</subfield><subfield code="0">(DE-588)1027954871</subfield><subfield code="4">edt</subfield></datafield><datafield ind1="0" ind2=" " tag="776"><subfield code="i">Publié également comme édition en ligne</subfield><subfield code="n">e-book</subfield><subfield code="z">9788893596411 (vol. 5)</subfield></datafield><datafield ind1=" " ind2="0" tag="830"><subfield code="a">Pleiadi</subfield><subfield code="v">6</subfield><subfield code="w">(IDSBB)002713089DSV01</subfield></datafield><datafield ind1=" " ind2="0" tag="830"><subfield code="a">Pleiadi</subfield><subfield code="v">6</subfield><subfield code="w">(RERO)R003322585-41slsp</subfield></datafield><datafield ind1=" " ind2=" " tag="900"><subfield code="a">REROnoselfmerge</subfield></datafield></record>
</metadata></record>