<record><header><identifier>oai:alma.41SLSP_UGE:991000051739705502</identifier><datestamp>2023-06-30T00:20:11Z</datestamp><setSpec>uge_bcen_RapidILL_BOOK</setSpec><setSpec>uge_aaca_RapidILL_BOOK</setSpec><setSpec>uge_abels_RapidILL_BOOK</setSpec><setSpec>uge_dbu_RapidILL_BOOK</setSpec><setSpec>uge_cmu_RapidILL_BOOK</setSpec><setSpec>uge_mail_RapidILL_BOOK</setSpec><setSpec>uge_abbat_RapidILL_BOOK</setSpec><setSpec>UNIGE_ALL</setSpec><setSpec>uge_acar_RapidILL_BOOK</setSpec><setSpec>uge_aobs_RapidILL_BOOK</setSpec></header><metadata>
<record xmlns="http://www.loc.gov/MARC21/slim" xmlns:xsi="http://www.w3.org/2001/XMLSchema-instance" xsi:schemaLocation="http://www.loc.gov/MARC21/slim http://www.loc.gov/standards/marcxml/schema/MARC21slim.xsd"><leader>02436naa a2200409 c 4500</leader><controlfield tag="001">991000051739705502</controlfield><controlfield tag="005">20230629185450.0</controlfield><controlfield tag="008">110823s2011    sz ||||| |||| 00| ||ger d</controlfield><datafield ind1=" " ind2=" " tag="035"><subfield code="a">(swissbib)11451934X-41slsp_network</subfield></datafield><datafield ind1=" " ind2=" " tag="035"><subfield code="a">11451934X</subfield><subfield code="9">ExL</subfield></datafield><datafield ind1=" " ind2=" " tag="035"><subfield code="a">(RERO)R006272903-41slsp</subfield></datafield><datafield ind1=" " ind2=" " tag="035"><subfield code="a">(EXLNZ-41SLSP_NETWORK)991079743519705501</subfield></datafield><datafield ind1=" " ind2=" " tag="040"><subfield code="a">RERO iftflu</subfield><subfield code="d">CH-ZuSLS</subfield></datafield><datafield ind1=" " ind2=" " tag="044"><subfield code="a">sz</subfield><subfield code="c">ch-be</subfield></datafield><datafield ind1=" " ind2="7" tag="072"><subfield code="a">dr</subfield><subfield code="2">rero</subfield></datafield><datafield ind1=" " ind2=" " tag="084"><subfield code="a">CA/CH 57.1 i</subfield><subfield code="2">cjurrom</subfield></datafield><datafield ind1=" " ind2=" " tag="084"><subfield code="a">CA/CH 90.8 i</subfield><subfield code="2">cjurrom</subfield></datafield><datafield ind1="1" ind2=" " tag="100"><subfield code="a">Bellwald, Friedrich</subfield><subfield code="0">(RERO)A002988165</subfield><subfield code="4">cre</subfield></datafield><datafield ind1="1" ind2="0" tag="245"><subfield code="a">&lt;&lt;Das&gt;&gt; Schreckereignis gemäss Art. 4 ATSG</subfield><subfield code="b">besteht eine gesetzliche Leistungspflicht des obligatorischen Unfallversicherers für die Beanspruchung eines Care Teams anlässlich eines schweren Unfalls (Naturkatastrophe, Brand, Raubüberfall, Verkehrsunfall u.a.m.)?</subfield><subfield code="c">von Friedrich Bellwald</subfield></datafield><datafield ind1=" " ind2=" " tag="336"><subfield code="b">txt</subfield><subfield code="2">rdacontent</subfield></datafield><datafield ind1=" " ind2=" " tag="337"><subfield code="b">n</subfield><subfield code="2">rdamedia</subfield></datafield><datafield ind1=" " ind2=" " tag="338"><subfield code="b">nc</subfield><subfield code="2">rdacarrier</subfield></datafield><datafield ind1=" " ind2=" " tag="500"><subfield code="a">Deutscher Text mit franz. Zusfassung</subfield></datafield><datafield ind1=" " ind2=" " tag="580"><subfield code="a">In: Schweizerische Zeitschrift für Sozialversicherung und berufliche Vorsorge. - Bern. - Jg. 55(2011), H. 4, S. 389-393</subfield></datafield><datafield ind1=" " ind2="7" tag="650"><subfield code="a">UV</subfield><subfield code="9">ger</subfield><subfield code="0">(RERO)jurivoc000024085ger</subfield><subfield code="2">jurivoc</subfield></datafield><datafield ind1=" " ind2="7" tag="650"><subfield code="a">Unfall</subfield><subfield code="9">ger</subfield><subfield code="0">(RERO)jurivoc000023548ger</subfield><subfield code="2">jurivoc</subfield></datafield><datafield ind1=" " ind2="7" tag="650"><subfield code="a">Verkehrsunfall</subfield><subfield code="9">ger</subfield><subfield code="0">(RERO)jurivoc000024605ger</subfield><subfield code="2">jurivoc</subfield></datafield><datafield ind1=" " ind2="7" tag="650"><subfield code="a">strafbare Handlung</subfield><subfield code="9">ger</subfield><subfield code="0">(RERO)jurivoc000021644ger</subfield><subfield code="2">jurivoc</subfield></datafield><datafield ind1=" " ind2="7" tag="650"><subfield code="a">Gefahr(allgemein)</subfield><subfield code="9">ger</subfield><subfield code="0">(RERO)jurivoc000009161ger</subfield><subfield code="2">jurivoc</subfield></datafield><datafield ind1=" " ind2="7" tag="650"><subfield code="a">Opfer</subfield><subfield code="9">ger</subfield><subfield code="0">(RERO)jurivoc000016537ger</subfield><subfield code="2">jurivoc</subfield></datafield><datafield ind1=" " ind2="7" tag="650"><subfield code="a">psychisches Leiden</subfield><subfield code="9">ger</subfield><subfield code="0">(RERO)jurivoc000017945ger</subfield><subfield code="2">jurivoc</subfield></datafield><datafield ind1=" " ind2="7" tag="650"><subfield code="a">Schreckneurose</subfield><subfield code="9">ger</subfield><subfield code="0">(RERO)jurivoc000019668ger</subfield><subfield code="2">jurivoc</subfield></datafield><datafield ind1=" " ind2="7" tag="650"><subfield code="a">Hilfeleistung</subfield><subfield code="9">ger</subfield><subfield code="0">(RERO)jurivoc000011150ger</subfield><subfield code="2">jurivoc</subfield></datafield><datafield ind1=" " ind2="7" tag="650"><subfield code="a">Unfallbehandlung</subfield><subfield code="9">ger</subfield><subfield code="0">(RERO)jurivoc000023551ger</subfield><subfield code="2">jurivoc</subfield></datafield><datafield ind1=" " ind2="7" tag="650"><subfield code="a">allgemeiner Teil des Sozialversicherungsrechts</subfield><subfield code="9">ger</subfield><subfield code="0">(RERO)jurivoc000000841ger</subfield><subfield code="2">jurivoc</subfield></datafield><datafield ind1=" " ind2="7" tag="650"><subfield code="a">Begriff</subfield><subfield code="9">ger</subfield><subfield code="0">(RERO)jurivoc000003002ger</subfield><subfield code="2">jurivoc</subfield></datafield><datafield ind1=" " ind2="7" tag="651"><subfield code="a">Schweiz</subfield><subfield code="9">ger</subfield><subfield code="0">(RERO)jurivoc000019912ger</subfield><subfield code="2">jurivoc</subfield></datafield><datafield ind1="0" ind2=" " tag="773"><subfield code="t">Schweizerische Zeitschrift für Sozialversicherung und berufliche Vorsorge : Publikationsorgan der Konferenz der kantonalen Stiftungsaufsichtsbehörden = Revue suisse des assurances sociales et de la prévoyance professionnelle : organe pour les publications officielles de la conférence des autorités cantonales de surveillance des fondations</subfield><subfield code="g">2011/389</subfield><subfield code="g">yr:2011</subfield><subfield code="w">(RERO)0398433-41slsp</subfield></datafield></record>
</metadata></record>