<record><header><identifier>oai:alma.41SLSP_UGE:991000019889705502</identifier><datestamp>2024-09-13T00:15:14Z</datestamp><setSpec>uge_bcen_RapidILL_BOOK</setSpec><setSpec>uge_aaca_RapidILL_BOOK</setSpec><setSpec>uge_abels_RapidILL_BOOK</setSpec><setSpec>uge_dbu_RapidILL_BOOK</setSpec><setSpec>uge_cmu_RapidILL_BOOK</setSpec><setSpec>uge_mail_RapidILL_BOOK</setSpec><setSpec>uge_abbat_RapidILL_BOOK</setSpec><setSpec>UNIGE_ALL</setSpec><setSpec>uge_aobs_RapidILL_BOOK</setSpec><setSpec>uge_acar_RapidILL_BOOK</setSpec></header><metadata>
<record xmlns="http://www.loc.gov/MARC21/slim" xmlns:xsi="http://www.w3.org/2001/XMLSchema-instance" xsi:schemaLocation="http://www.loc.gov/MARC21/slim http://www.loc.gov/standards/marcxml/schema/MARC21slim.xsd"><leader>01687nam a2200433 c 4500</leader><controlfield tag="001">991000019889705502</controlfield><controlfield tag="005">20240912191924.0</controlfield><controlfield tag="008">201011s2008    it ||||| |||| 00| ||ita d</controlfield><datafield ind1=" " ind2=" " tag="020"><subfield code="a">9788886752350</subfield></datafield><datafield ind1=" " ind2=" " tag="035"><subfield code="a">(swissbib)224046942-41slsp_network</subfield></datafield><datafield ind1=" " ind2=" " tag="035"><subfield code="a">224046942</subfield><subfield code="9">ExL</subfield></datafield><datafield ind1=" " ind2=" " tag="035"><subfield code="a">(RERO)R005131511-41slsp</subfield></datafield><datafield ind1=" " ind2=" " tag="035"><subfield code="a">(IDSBB)005192074DSV01</subfield></datafield><datafield ind1=" " ind2=" " tag="035"><subfield code="a">(EXLNZ-41SLSP_NETWORK)991038073929705501</subfield></datafield><datafield ind1=" " ind2=" " tag="040"><subfield code="a">RERO geussa</subfield><subfield code="d">CH-ZuSLS</subfield></datafield><datafield ind1=" " ind2="7" tag="072"><subfield code="a">ar</subfield><subfield code="2">rero</subfield></datafield><datafield ind1="1" ind2=" " tag="100"><subfield code="a">Baioni, Marco</subfield><subfield code="c">archéologue</subfield><subfield code="0">(IDREF)137213700</subfield><subfield code="4">cre</subfield></datafield><datafield ind1="1" ind2="0" tag="245"><subfield code="a">Archaeotrade</subfield><subfield code="b">antichi commerci in Lombardia orientale [catalogue d'exposition]</subfield><subfield code="c">a cura di Marco Baioni e Claudia Fredella</subfield></datafield><datafield ind1=" " ind2="1" tag="264"><subfield code="a">Milano</subfield><subfield code="b">ET</subfield><subfield code="c">2008</subfield></datafield><datafield ind1=" " ind2=" " tag="300"><subfield code="a">311 p.</subfield><subfield code="b">ill.</subfield></datafield><datafield ind1=" " ind2=" " tag="336"><subfield code="b">txt</subfield><subfield code="2">rdacontent</subfield></datafield><datafield ind1=" " ind2=" " tag="337"><subfield code="b">n</subfield><subfield code="2">rdamedia</subfield></datafield><datafield ind1=" " ind2=" " tag="338"><subfield code="b">nc</subfield><subfield code="2">rdacarrier</subfield></datafield><datafield ind1=" " ind2=" " tag="500"><subfield code="a">Exposition itinérante dans divers musées archéologiques de Brescia, Crémone et Mantova du 18 décembre 2008 au 10 juin 2009</subfield></datafield><datafield ind1=" " ind2="7" tag="650"><subfield code="a">Commerce</subfield><subfield code="0">(IDREF)02773563X</subfield><subfield code="2">idref</subfield></datafield><datafield ind1=" " ind2="7" tag="650"><subfield code="a">Archéologie</subfield><subfield code="0">(IDREF)02726971X</subfield><subfield code="2">idref</subfield></datafield><datafield ind1=" " ind2="0" tag="650"><subfield code="a">Excavations (Archaeology)</subfield><subfield code="z">Italy</subfield><subfield code="z">Lombardy</subfield></datafield><datafield ind1=" " ind2="0" tag="650"><subfield code="a">Lombardy (Italy)</subfield><subfield code="x">Commerce</subfield><subfield code="x">History</subfield></datafield><datafield ind1=" " ind2="7" tag="651"><subfield code="a">Lombardie (Italie) - est</subfield><subfield code="0">(RERO)A010110044</subfield><subfield code="2">rero</subfield></datafield><datafield ind1=" " ind2="0" tag="651"><subfield code="a">Lombardy (Italy)</subfield><subfield code="x">Antiquities</subfield></datafield><datafield ind1=" " ind2="0" tag="651"><subfield code="a">Mediterranean Region</subfield><subfield code="x">Antiquities</subfield></datafield><datafield ind1=" " ind2="0" tag="651"><subfield code="a">Mediterranean Region</subfield><subfield code="x">Commerce</subfield><subfield code="x">History</subfield></datafield><datafield ind1=" " ind2="7" tag="655"><subfield code="a">Catalogues d'exposition</subfield><subfield code="0">(IDREF)027320456</subfield><subfield code="2">idref</subfield></datafield><datafield ind1=" " ind2=" " tag="690"><subfield code="a">Handel</subfield><subfield code="2">ubs-AA</subfield></datafield><datafield ind1=" " ind2=" " tag="690"><subfield code="a">Amphoren</subfield><subfield code="2">ubs-AA</subfield></datafield><datafield ind1=" " ind2=" " tag="690"><subfield code="a">Beziehungen. Italien</subfield><subfield code="2">ubs-AA</subfield></datafield><datafield ind1=" " ind2=" " tag="690"><subfield code="a">Keramik. griechisch</subfield><subfield code="2">ubs-AA</subfield></datafield><datafield ind1=" " ind2=" " tag="690"><subfield code="a">Numismatik. römisch</subfield><subfield code="2">ubs-AA</subfield></datafield><datafield ind1="1" ind2=" " tag="700"><subfield code="a">Fredella, Claudia</subfield><subfield code="c">archéologue</subfield><subfield code="0">(IDREF)137213867</subfield></datafield><datafield ind1=" " ind2=" " tag="900"><subfield code="a">REROnoselfmerge</subfield></datafield></record>
</metadata></record>