<record><header><identifier>oai:alma.41SLSP_UGE:991000052259705502</identifier><datestamp>2024-04-12T00:17:49Z</datestamp><setSpec>uge_bcen_RapidILL_BOOK</setSpec><setSpec>uge_aaca_RapidILL_BOOK</setSpec><setSpec>uge_abels_RapidILL_BOOK</setSpec><setSpec>uge_dbu_RapidILL_BOOK</setSpec><setSpec>uge_cmu_RapidILL_BOOK</setSpec><setSpec>uge_mail_RapidILL_BOOK</setSpec><setSpec>uge_abbat_RapidILL_BOOK</setSpec><setSpec>UNIGE_ALL</setSpec><setSpec>uge_acar_RapidILL_BOOK</setSpec><setSpec>uge_aobs_RapidILL_BOOK</setSpec></header><metadata>
<record xmlns="http://www.loc.gov/MARC21/slim" xmlns:xsi="http://www.w3.org/2001/XMLSchema-instance" xsi:schemaLocation="http://www.loc.gov/MARC21/slim http://www.loc.gov/standards/marcxml/schema/MARC21slim.xsd"><leader>02672nam a2200613 c 4500</leader><controlfield tag="001">991000052259705502</controlfield><controlfield tag="005">20230407174318.0</controlfield><controlfield tag="008">201011s2013    it            00| | ita  </controlfield><datafield ind1=" " ind2=" " tag="020"><subfield code="a">9788815246622</subfield></datafield><datafield ind1=" " ind2=" " tag="035"><subfield code="a">(swissbib)228041147-41slsp_network</subfield></datafield><datafield ind1=" " ind2=" " tag="035"><subfield code="a">228041147</subfield><subfield code="9">ExL</subfield></datafield><datafield ind1=" " ind2=" " tag="035"><subfield code="a">(IDSBB)007107782DSV01</subfield></datafield><datafield ind1=" " ind2=" " tag="035"><subfield code="a">(RERO)R007617447-41slsp</subfield></datafield><datafield ind1=" " ind2=" " tag="035"><subfield code="a">(NEBIS)010079641EBI01</subfield></datafield><datafield ind1=" " ind2=" " tag="035"><subfield code="a">(IDSSG)000660271HSB01</subfield></datafield><datafield ind1=" " ind2=" " tag="035"><subfield code="a">(EXLNZ-41SLSP_NETWORK)991088008639705501</subfield></datafield><datafield ind1=" " ind2=" " tag="040"><subfield code="a">SzZuIDS NEBIS ZBZ</subfield><subfield code="b">ger</subfield><subfield code="e">rda</subfield><subfield code="d">CH-ZuSLS</subfield></datafield><datafield ind1=" " ind2="7" tag="072"><subfield code="a">it</subfield><subfield code="2">rero</subfield></datafield><datafield ind1="1" ind2="4" tag="082"><subfield code="a">809</subfield><subfield code="2">15</subfield></datafield><datafield ind1="1" ind2=" " tag="100"><subfield code="a">Quondam, Amedeo</subfield><subfield code="d">1943-</subfield><subfield code="0">(DE-588)119508206</subfield><subfield code="e">Verfasser</subfield><subfield code="4">aut</subfield><subfield code="6">880-01</subfield></datafield><datafield ind1="1" ind2=" " tag="880"><subfield code="6">100-01</subfield><subfield code="a">Quondam, Amedeo</subfield><subfield code="d">1943-2024</subfield><subfield code="0">(IDREF)028367669</subfield><subfield code="4">cre</subfield></datafield><datafield ind1="1" ind2="0" tag="245"><subfield code="a">Rinascimento e classicismi</subfield><subfield code="b">forme e metamorfosi della modernità</subfield><subfield code="c">Amedeo Quondam</subfield></datafield><datafield ind1=" " ind2="1" tag="264"><subfield code="a">Bologna</subfield><subfield code="b">il Mulino</subfield><subfield code="c">[2013]</subfield></datafield><datafield ind1=" " ind2=" " tag="300"><subfield code="a">275 Seiten</subfield><subfield code="b">Illustrationen</subfield></datafield><datafield ind1=" " ind2=" " tag="336"><subfield code="b">txt</subfield><subfield code="2">rdacontent</subfield></datafield><datafield ind1=" " ind2=" " tag="337"><subfield code="b">n</subfield><subfield code="2">rdamedia</subfield></datafield><datafield ind1=" " ind2=" " tag="338"><subfield code="b">nc</subfield><subfield code="2">rdacarrier</subfield></datafield><datafield ind1="1" ind2=" " tag="490"><subfield code="a">Saggi (Il Mulino)</subfield><subfield code="v">799</subfield></datafield><datafield ind1=" " ind2="7" tag="650"><subfield code="a">Klassizismus</subfield><subfield code="0">(DE-588)4030967-8</subfield><subfield code="2">gnd</subfield></datafield><datafield ind1=" " ind2="0" tag="650"><subfield code="a">Classicism</subfield><subfield code="z">Europe</subfield></datafield><datafield ind1=" " ind2="0" tag="650"><subfield code="a">Classicism</subfield><subfield code="z">Italy</subfield></datafield><datafield ind1=" " ind2="0" tag="650"><subfield code="a">Renaissance</subfield></datafield><datafield ind1=" " ind2="0" tag="650"><subfield code="a">Renaissance</subfield><subfield code="z">Italy</subfield></datafield><datafield ind1=" " ind2="7" tag="650"><subfield code="a">Renaissance</subfield><subfield code="0">(IDREF)028017641</subfield><subfield code="2">idref</subfield></datafield><datafield ind1=" " ind2="7" tag="650"><subfield code="a">Classicisme (littérature)</subfield><subfield code="0">(IDREF)027223361</subfield><subfield code="2">idref</subfield></datafield><datafield ind1=" " ind2="7" tag="650"><subfield code="a">14e siècle (fin)-19e siècle</subfield><subfield code="0">(RERO)A024180733</subfield><subfield code="2">rero</subfield></datafield><datafield ind1=" " ind2="7" tag="650"><subfield code="a">Klassik</subfield><subfield code="0">(DE-588)4030960-5</subfield><subfield code="2">gnd</subfield></datafield><datafield ind1=" " ind2="7" tag="650"><subfield code="a">Kultur</subfield><subfield code="0">(DE-588)4125698-0</subfield><subfield code="2">gnd</subfield></datafield><datafield ind1=" " ind2="7" tag="650"><subfield code="a">Renaissance</subfield><subfield code="0">(DE-588)4049450-0</subfield><subfield code="2">gnd</subfield></datafield><datafield ind1=" " ind2="0" tag="651"><subfield code="a">Europe</subfield><subfield code="x">Civilization</subfield></datafield><datafield ind1=" " ind2="0" tag="651"><subfield code="a">Italy</subfield><subfield code="x">Civilization</subfield></datafield><datafield ind1=" " ind2="7" tag="651"><subfield code="a">Europe</subfield><subfield code="0">(IDREF)027224651</subfield><subfield code="2">idref</subfield></datafield><datafield ind1=" " ind2="7" tag="651"><subfield code="a">Italien</subfield><subfield code="0">(DE-588)4027833-5</subfield><subfield code="2">gnd</subfield></datafield><datafield ind1=" " ind2="7" tag="651"><subfield code="a">Europa</subfield><subfield code="0">(DE-588)4015701-5</subfield><subfield code="2">gnd</subfield></datafield><datafield ind1=" " ind2=" " tag="690"><subfield code="a">Klassizismus; Renaissance; Burg; Moderne; Humanismus; Index; Romantik</subfield><subfield code="2">idssg-J</subfield></datafield><datafield ind1=" " ind2=" " tag="690"><subfield code="a">achtzehntes Jahrhundert; altes Regime; modern Amedeo; moderne Geschichte; neunzehntes Jahrhundert</subfield><subfield code="2">idssg-J</subfield></datafield><datafield ind1=" " ind2=" " tag="690"><subfield code="a">Europa C4E; Frankreich C4EUFR; Tirol C4EUAU; Italien C4EUIT</subfield><subfield code="2">idssg-J</subfield></datafield><datafield ind1=" " ind2=" " tag="690"><subfield code="a">Amedeo Quondam; Battista Alberti; Girolamo Tiraboschi; Humanismus Renaissance Klassizismus; Paris; Sur le moeurs; Villa Borghese Museum; Voltaire</subfield><subfield code="2">idssg-J</subfield></datafield><datafield ind1="4" ind2=" " tag="856"><subfield code="3">Titelblatt und Inhaltsverzeichnis</subfield><subfield code="u">https://toc.library.ethz.ch/objects/pdf03/z01_978-88-15-24662-2_01.pdf</subfield><subfield code="q">pdf</subfield></datafield><datafield ind1=" " ind2=" " tag="830"><subfield code="a">Saggi</subfield><subfield code="g">Il Mulino</subfield><subfield code="v">799</subfield><subfield code="w">(IDSBB)000018924DSV01</subfield></datafield><datafield ind1=" " ind2=" " tag="830"><subfield code="a">Saggi</subfield><subfield code="p">Il Mulino</subfield><subfield code="v">799</subfield><subfield code="w">(RERO)0001211-41slsp</subfield></datafield><datafield ind1=" " ind2=" " tag="900"><subfield code="a">IDSDSStoppsignal FRED</subfield></datafield><datafield ind1=" " ind2=" " tag="900"><subfield code="a">REROnoselfmerge</subfield></datafield><datafield ind1=" " ind2=" " tag="900"><subfield code="a">IDSZ2zbzmon201402e</subfield><subfield code="c">IDSZ2meyc</subfield><subfield code="d">IDSZ2zbzswk201402b</subfield><subfield code="e">IDSZ2brua</subfield></datafield><datafield ind1=" " ind2=" " tag="949"><subfield code="a">https://toc.library.ethz.ch/objects/pdf03/z01_978-88-15-24662-2_01.pdf</subfield></datafield><datafield ind1=" " ind2=" " tag="993"><subfield code="a">BFLA 251847</subfield><subfield code="x">ge/ulit/a/14/53</subfield><subfield code="9">LOCAL</subfield></datafield></record>
</metadata></record>