<record><header><identifier>oai:alma.41SLSP_UGE:991000003449705502</identifier><datestamp>2023-03-01T01:08:52Z</datestamp><setSpec>uge_bcen_RapidILL_BOOK</setSpec><setSpec>uge_aaca_RapidILL_BOOK</setSpec><setSpec>uge_abels_RapidILL_BOOK</setSpec><setSpec>uge_dbu_RapidILL_BOOK</setSpec><setSpec>uge_cmu_RapidILL_BOOK</setSpec><setSpec>uge_mail_RapidILL_BOOK</setSpec><setSpec>UNIGE_ALL</setSpec><setSpec>uge_abbat_RapidILL_BOOK</setSpec><setSpec>uge_aobs_RapidILL_BOOK</setSpec><setSpec>uge_acar_RapidILL_BOOK</setSpec></header><metadata>
<record xmlns="http://www.loc.gov/MARC21/slim" xmlns:xsi="http://www.w3.org/2001/XMLSchema-instance" xsi:schemaLocation="http://www.loc.gov/MARC21/slim http://www.loc.gov/standards/marcxml/schema/MARC21slim.xsd"><leader>03181nam a2200373 c 4500</leader><controlfield tag="001">991000003449705502</controlfield><controlfield tag="005">20230214193618.0</controlfield><controlfield tag="008">000905s1973    gr ||||| |||| 00| ||gre d</controlfield><datafield ind1=" " ind2=" " tag="035"><subfield code="a">(swissbib)093946732-41slsp_network</subfield></datafield><datafield ind1=" " ind2=" " tag="035"><subfield code="a">093946732</subfield><subfield code="9">ExL</subfield></datafield><datafield ind1=" " ind2=" " tag="035"><subfield code="a">(RERO)R241009960-41slsp</subfield></datafield><datafield ind1=" " ind2=" " tag="035"><subfield code="a">(EXLNZ-41SLSP_NETWORK)991077631929705501</subfield></datafield><datafield ind1=" " ind2=" " tag="040"><subfield code="a">RERO geulgm</subfield><subfield code="d">CH-ZuSLS</subfield></datafield><datafield ind1=" " ind2="7" tag="072"><subfield code="a">hg</subfield><subfield code="2">rero</subfield></datafield><datafield ind1="1" ind2=" " tag="100"><subfield code="6">880-01</subfield><subfield code="a">Kordátos, Giánnīs</subfield><subfield code="d">1891-1961</subfield><subfield code="0">(IDREF)153834188</subfield><subfield code="4">cre</subfield></datafield><datafield ind1="1" ind2=" " tag="880"><subfield code="6">100-01/(S</subfield><subfield code="a">Κορδάτος, Γιάννης</subfield></datafield><datafield ind1="1" ind2="0" tag="245"><subfield code="6">880-02</subfield><subfield code="a">&lt;&lt;T'&gt;&gt; Ampelakia ki ho mythos gia to synetairismo tous</subfield><subfield code="b">symvolē stēn oikonomikokoinōnikē historia tēs anat. Thessalias sta chronia tēs Tourkokratias</subfield><subfield code="c">Giannē Kordatou</subfield></datafield><datafield ind1="1" ind2="0" tag="880"><subfield code="6">245-02/(S</subfield><subfield code="a">&lt;&lt;Τ'&gt;&gt; Αμπελάκια κι ο μύθος για το συνεταιρισμό τους</subfield><subfield code="b">συμβολή στην οικονομικοκοινωνική ιστορία της ανατ. Θεσσαλίας στα χρόνια της Τουρκοκρατίας</subfield><subfield code="c">Γιάννη Κορδάτου</subfield></datafield><datafield ind1="1" ind2=" " tag="246"><subfield code="a">Amḇelakia ki o mýthos gia to synetairismó tous</subfield><subfield code="b">sýmvoli sti̲n oikonomikokoino̲nik̲i istoría ti̲s anat. Thessalías sta chrónia ti̲s Tourkokratías / Giánni̲ Kordátou</subfield></datafield><datafield ind1=" " ind2=" " tag="250"><subfield code="6">880-03</subfield><subfield code="a">2i̲ ekd</subfield></datafield><datafield ind1=" " ind2=" " tag="880"><subfield code="6">250-03/(S</subfield><subfield code="a">2η έκδ</subfield></datafield><datafield ind1=" " ind2="1" tag="264"><subfield code="6">880-04</subfield><subfield code="a">Ath̲ina</subfield><subfield code="b">Ekd. Boukoumáni̲s</subfield><subfield code="c">1973</subfield></datafield><datafield ind1=" " ind2="1" tag="880"><subfield code="6">264-04/(S</subfield><subfield code="a">Αθήνα</subfield><subfield code="b">Εκδ. Μπουκουμάνης</subfield><subfield code="c">1973</subfield></datafield><datafield ind1=" " ind2=" " tag="300"><subfield code="a">175 p.</subfield><subfield code="c">21 cm</subfield></datafield><datafield ind1=" " ind2=" " tag="336"><subfield code="b">txt</subfield><subfield code="2">rdacontent</subfield></datafield><datafield ind1=" " ind2=" " tag="337"><subfield code="b">n</subfield><subfield code="2">rdamedia</subfield></datafield><datafield ind1=" " ind2=" " tag="338"><subfield code="b">nc</subfield><subfield code="2">rdacarrier</subfield></datafield><datafield ind1="1" ind2=" " tag="490"><subfield code="6">880-05</subfield><subfield code="a">Koino̲niología</subfield></datafield><datafield ind1="0" ind2=" " tag="880"><subfield code="6">490-05/(S</subfield><subfield code="a">Κοινωνιολογία</subfield></datafield><datafield ind1=" " ind2="7" tag="650"><subfield code="a">1772-1944</subfield><subfield code="2">rero</subfield></datafield><datafield ind1=" " ind2="7" tag="650"><subfield code="a">Conditions économiques</subfield><subfield code="0">(IDREF)028626885</subfield><subfield code="2">idref</subfield></datafield><datafield ind1=" " ind2="7" tag="651"><subfield code="a">Thessalie (Grèce)</subfield><subfield code="0">(IDREF)027348040</subfield><subfield code="2">idref</subfield></datafield><datafield ind1=" " ind2="0" tag="830"><subfield code="6">880-07</subfield><subfield code="a">Koinōniologia</subfield></datafield><datafield ind1=" " ind2="0" tag="880"><subfield code="6">830-07</subfield><subfield code="a">Κοινωνιολογία</subfield></datafield><datafield ind1=" " ind2=" " tag="900"><subfield code="a">REROnoselfmerge</subfield></datafield></record>
</metadata></record>