<record><header><identifier>oai:alma.41SLSP_UGE:991000051939705502</identifier><datestamp>2023-04-11T00:13:31Z</datestamp><setSpec>uge_bcen_RapidILL_BOOK</setSpec><setSpec>uge_aaca_RapidILL_BOOK</setSpec><setSpec>uge_abels_RapidILL_BOOK</setSpec><setSpec>uge_dbu_RapidILL_BOOK</setSpec><setSpec>uge_cmu_RapidILL_BOOK</setSpec><setSpec>uge_mail_RapidILL_BOOK</setSpec><setSpec>uge_abbat_RapidILL_BOOK</setSpec><setSpec>UNIGE_ALL</setSpec><setSpec>uge_acar_RapidILL_BOOK</setSpec><setSpec>uge_aobs_RapidILL_BOOK</setSpec></header><metadata>
<record xmlns="http://www.loc.gov/MARC21/slim" xmlns:xsi="http://www.w3.org/2001/XMLSchema-instance" xsi:schemaLocation="http://www.loc.gov/MARC21/slim http://www.loc.gov/standards/marcxml/schema/MARC21slim.xsd"><leader>01922nam a2200493 c 4500</leader><controlfield tag="001">991000051939705502</controlfield><controlfield tag="005">20230410204230.0</controlfield><controlfield tag="008">201011s2016    sp       b||| 000 0 spa|d</controlfield><datafield ind1=" " ind2=" " tag="020"><subfield code="a">8415746342</subfield></datafield><datafield ind1=" " ind2=" " tag="020"><subfield code="a">9788415746348</subfield></datafield><datafield ind1=" " ind2=" " tag="035"><subfield code="a">(swissbib)212842625-41slsp_network</subfield></datafield><datafield ind1=" " ind2=" " tag="035"><subfield code="a">212842625</subfield><subfield code="9">ExL</subfield></datafield><datafield ind1=" " ind2=" " tag="035"><subfield code="a">(IDSBB)006824449DSV01</subfield></datafield><datafield ind1=" " ind2=" " tag="035"><subfield code="a">(RERO)R008579956-41slsp</subfield></datafield><datafield ind1=" " ind2=" " tag="035"><subfield code="a">(OCoLC)992545619</subfield></datafield><datafield ind1=" " ind2=" " tag="035"><subfield code="a">(EXLNZ-41SLSP_NETWORK)991044032189705501</subfield></datafield><datafield ind1=" " ind2=" " tag="040"><subfield code="a">DEBBG</subfield><subfield code="b">ger</subfield><subfield code="e">rda</subfield><subfield code="d">CH-ZuSLS</subfield></datafield><datafield ind1=" " ind2="7" tag="072"><subfield code="a">es</subfield><subfield code="2">rero</subfield></datafield><datafield ind1="1" ind2="4" tag="082"><subfield code="a">860</subfield><subfield code="2">15</subfield></datafield><datafield ind1="1" ind2="4" tag="082"><subfield code="a">863</subfield><subfield code="2">14</subfield></datafield><datafield ind1=" " ind2=" " tag="084"><subfield code="a">IO 6900</subfield><subfield code="2">sdnb</subfield></datafield><datafield ind1=" " ind2=" " tag="084"><subfield code="a">B</subfield><subfield code="2">sdnb</subfield></datafield><datafield ind1="1" ind2=" " tag="100"><subfield code="a">Usai, Nicola</subfield><subfield code="0">(DE-588)133426769</subfield><subfield code="4">aut</subfield><subfield code="6">880-01</subfield></datafield><datafield ind1="1" ind2=" " tag="880"><subfield code="6">100-01</subfield><subfield code="a">Usai, Nicola</subfield><subfield code="0">(IDREF)233556516</subfield></datafield><datafield ind1="1" ind2="0" tag="240"><subfield code="a">&lt;&lt;El&gt;&gt; forastero de Jacinto Arnal de Bolea: estudio y edición</subfield></datafield><datafield ind1="1" ind2="0" tag="245"><subfield code="a">&lt;&lt;El&gt;&gt; forastero</subfield><subfield code="c">Jacinto Arnal de Bolea ; edición crítica de Nicola Usai</subfield></datafield><datafield ind1=" " ind2=" " tag="250"><subfield code="a">Primera edición</subfield></datafield><datafield ind1=" " ind2="1" tag="264"><subfield code="a">Madrid (España)</subfield><subfield code="b">SIAL Ediciones</subfield><subfield code="c">[2016]</subfield></datafield><datafield ind1=" " ind2=" " tag="300"><subfield code="a">488 Seiten</subfield></datafield><datafield ind1=" " ind2=" " tag="336"><subfield code="b">txt</subfield><subfield code="2">rdacontent</subfield></datafield><datafield ind1=" " ind2=" " tag="337"><subfield code="b">n</subfield><subfield code="2">rdamedia</subfield></datafield><datafield ind1=" " ind2=" " tag="338"><subfield code="b">nc</subfield><subfield code="2">rdacarrier</subfield></datafield><datafield ind1="1" ind2=" " tag="490"><subfield code="a">Prosa Barroca</subfield><subfield code="v">8</subfield></datafield><datafield ind1=" " ind2=" " tag="500"><subfield code="a">Werk von Jacinto Arnal de Bolea stammt aus dem Jahr 1636</subfield></datafield><datafield ind1=" " ind2=" " tag="502"><subfield code="g">Überarbeitete</subfield><subfield code="b">Dissertation</subfield><subfield code="c">Universidad de Córdoba</subfield><subfield code="d">2015</subfield></datafield><datafield ind1="1" ind2="7" tag="600"><subfield code="a">Bolea, Jacinto Arnal &lt;&lt;de&gt;&gt;</subfield><subfield code="d">ca. 17. Jh.</subfield><subfield code="t">&lt;&lt;El&gt;&gt; forastero</subfield><subfield code="0">(DE-588)1130662063</subfield><subfield code="2">gnd</subfield></datafield><datafield ind1="1" ind2="0" tag="600"><subfield code="a">Arnal de Bolea, Jacinto</subfield><subfield code="d">active 17th century</subfield></datafield><datafield ind1=" " ind2="7" tag="655"><subfield code="a">Hochschulschrift</subfield><subfield code="2">gnd-content</subfield></datafield><datafield ind1="1" ind2=" " tag="700"><subfield code="a">Arnal de Bolea, Jacinto</subfield><subfield code="d">fl. 17ème siècle</subfield><subfield code="0">(RERO)A027469939</subfield><subfield code="4">cre</subfield></datafield><datafield ind1="1" ind2=" " tag="700"><subfield code="a">Bolea, Jacinto Arnal &lt;&lt;de&gt;&gt;</subfield><subfield code="d">ca. 17. Jh.</subfield><subfield code="0">(DE-588)1130260437</subfield><subfield code="4">aut</subfield></datafield><datafield ind1="1" ind2=" " tag="700"><subfield code="a">Usai, Nicola</subfield><subfield code="0">(DE-588)133426769</subfield><subfield code="4">edt</subfield></datafield><datafield ind1="4" ind2=" " tag="856"><subfield code="3">Inhaltsverzeichnis</subfield><subfield code="u">http://www.ub.unibas.ch/tox/IDSBB/006824449/PDF</subfield><subfield code="q">pdf</subfield></datafield><datafield ind1=" " ind2="0" tag="830"><subfield code="a">Prosa barroca</subfield><subfield code="v">8</subfield><subfield code="w">(RERO)R008004896-41slsp</subfield></datafield><datafield ind1=" " ind2=" " tag="900"><subfield code="a">Stoppsignal FRED</subfield><subfield code="x">05.11.2018</subfield></datafield><datafield ind1=" " ind2=" " tag="949"><subfield code="a">http://www.ub.unibas.ch/tox/IDSBB/006824449/PDF</subfield></datafield><datafield ind1=" " ind2=" " tag="993"><subfield code="a">BFLA 283054</subfield><subfield code="x">ge/ules/a/17/321-1</subfield><subfield code="9">LOCAL</subfield></datafield></record>
</metadata></record>