<record><header><identifier>oai:alma.41SLSP_UGE:991000002609705502</identifier><datestamp>2023-06-27T00:15:02Z</datestamp><setSpec>uge_bcen_RapidILL_BOOK</setSpec><setSpec>uge_aaca_RapidILL_BOOK</setSpec><setSpec>uge_abels_RapidILL_BOOK</setSpec><setSpec>uge_dbu_RapidILL_BOOK</setSpec><setSpec>uge_cmu_RapidILL_BOOK</setSpec><setSpec>uge_mail_RapidILL_BOOK</setSpec><setSpec>uge_abbat_RapidILL_BOOK</setSpec><setSpec>UNIGE_ALL</setSpec><setSpec>uge_aobs_RapidILL_BOOK</setSpec><setSpec>uge_acar_RapidILL_BOOK</setSpec></header><metadata>
<record xmlns="http://www.loc.gov/MARC21/slim" xmlns:xsi="http://www.w3.org/2001/XMLSchema-instance" xsi:schemaLocation="http://www.loc.gov/MARC21/slim http://www.loc.gov/standards/marcxml/schema/MARC21slim.xsd"><leader>02297nam a2200553 ca4500</leader><controlfield tag="001">991000002609705502</controlfield><controlfield tag="005">20230625135454.0</controlfield><controlfield tag="008">201012m19719999fr ||||| |||| 00| ||fre d</controlfield><datafield ind1=" " ind2=" " tag="019"><subfield code="a">Übergeordnete Aufnahme = Niveau supérieur = Livello superiore</subfield><subfield code="5">SLSP/2020</subfield></datafield><datafield ind1=" " ind2=" " tag="019"><subfield code="a">Nur GT-Beschlagwortung / bm</subfield></datafield><datafield ind1=" " ind2=" " tag="035"><subfield code="a">(swissbib)241250641-41slsp_network</subfield></datafield><datafield ind1=" " ind2=" " tag="035"><subfield code="a">241250641</subfield><subfield code="9">ExL</subfield></datafield><datafield ind1=" " ind2=" " tag="035"><subfield code="a">(RERO)0020424-41slsp</subfield></datafield><datafield ind1=" " ind2=" " tag="035"><subfield code="a">(IDSBB)000038195DSV01</subfield></datafield><datafield ind1=" " ind2=" " tag="035"><subfield code="a">(NEBIS)001002488EBI01</subfield></datafield><datafield ind1=" " ind2=" " tag="035"><subfield code="a">(EXLNZ-41SLSP_NETWORK)991147093929705501</subfield></datafield><datafield ind1=" " ind2=" " tag="040"><subfield code="a">RERO</subfield><subfield code="d">CH-ZuSLS</subfield></datafield><datafield ind1=" " ind2="7" tag="072"><subfield code="a">ht</subfield><subfield code="2">rero</subfield></datafield><datafield ind1=" " ind2="7" tag="072"><subfield code="a">sp</subfield><subfield code="2">rero</subfield></datafield><datafield ind1=" " ind2="7" tag="072"><subfield code="a">wg</subfield><subfield code="2">SzZuIDS BS/BE</subfield></datafield><datafield ind1="1" ind2="4" tag="082"><subfield code="a">330</subfield><subfield code="2">15</subfield></datafield><datafield ind1="1" ind2="4" tag="082"><subfield code="a">909</subfield><subfield code="2">9a</subfield></datafield><datafield ind1="0" ind2="0" tag="245"><subfield code="a">Dictionnaire biographique du mouvement ouvrier international</subfield><subfield code="c">publ. sous la dir. de Jean Maitron et Georges Haupt</subfield></datafield><datafield ind1=" " ind2="1" tag="264"><subfield code="a">Paris</subfield><subfield code="b">Les Ed. ouvrières</subfield><subfield code="b">Presses de la Fondation nationale des sciences politiques</subfield><subfield code="c">1971-</subfield></datafield><datafield ind1=" " ind2=" " tag="300"><subfield code="a">6 vols.</subfield><subfield code="c">25 cm</subfield></datafield><datafield ind1=" " ind2=" " tag="336"><subfield code="b">txt</subfield><subfield code="2">rdacontent</subfield></datafield><datafield ind1=" " ind2=" " tag="337"><subfield code="b">n</subfield><subfield code="2">rdamedia</subfield></datafield><datafield ind1=" " ind2=" " tag="338"><subfield code="b">nc</subfield><subfield code="2">rdacarrier</subfield></datafield><datafield ind1="0" ind2=" " tag="490"><subfield code="a">Collection Jean Maitron</subfield></datafield><datafield ind1=" " ind2=" " tag="500"><subfield code="a">Ab Tome 3 künstlich nummeriert</subfield></datafield><datafield ind1=" " ind2=" " tag="500"><subfield code="a">Ab Erscheinungsjahr 2001 neuer Verlag: Paris : Editions de l'Atelier</subfield></datafield><datafield ind1=" " ind2="4" tag="648"><subfield code="a">Geschichte 1848-1922</subfield></datafield><datafield ind1=" " ind2="7" tag="650"><subfield code="a">mouvement ouvrier international</subfield><subfield code="0">(RERO)A009983035</subfield><subfield code="2">rerovoc</subfield></datafield><datafield ind1=" " ind2="7" tag="650"><subfield code="a">socialisme international</subfield><subfield code="0">(RERO)A009999310</subfield><subfield code="2">rerovoc</subfield></datafield><datafield ind1=" " ind2="7" tag="650"><subfield code="a">Arbeiterführer</subfield><subfield code="v">Biographie</subfield><subfield code="2">idsbb</subfield></datafield><datafield ind1=" " ind2="7" tag="650"><subfield code="a">Sozialist</subfield><subfield code="v">Biographie</subfield><subfield code="2">idsbb</subfield></datafield><datafield ind1=" " ind2="7" tag="650"><subfield code="a">Gewerkschafter</subfield><subfield code="v">Biographie</subfield><subfield code="2">idsbb</subfield></datafield><datafield ind1=" " ind2="7" tag="650"><subfield code="a">Arbeiterbewegung</subfield><subfield code="v">Wörterbuch</subfield><subfield code="2">idsbb</subfield></datafield><datafield ind1=" " ind2="4" tag="650"><subfield code="a">Arbeiterbewegung</subfield></datafield><datafield ind1=" " ind2="7" tag="650"><subfield code="a">Arbeiterbewegung</subfield><subfield code="2">idszbz</subfield></datafield><datafield ind1=" " ind2="7" tag="650"><subfield code="a">ARBEITERBEWEGUNGEN/IN EINZELNEN LÄNDERN (POLITISCHE BEWEGUNGEN)</subfield><subfield code="9">ger</subfield><subfield code="0">(ETHUDK)000056621</subfield><subfield code="2">ethudk</subfield></datafield><datafield ind1=" " ind2="7" tag="650"><subfield code="a">BIOGRAPHISCHE LEXIKA (DOKUMENTENTYP)</subfield><subfield code="9">ger</subfield><subfield code="0">(ETHUDK)000009237</subfield><subfield code="2">ethudk</subfield></datafield><datafield ind1=" " ind2="7" tag="650"><subfield code="a">FRANKREICH (WESTEUROPA). FRANZÖSISCHE REPUBLIK</subfield><subfield code="9">ger</subfield><subfield code="0">(ETHUDK)000003272</subfield><subfield code="2">ethudk</subfield></datafield><datafield ind1=" " ind2="4" tag="651"><subfield code="a">Frankophones Nordamerika</subfield></datafield><datafield ind1=" " ind2="7" tag="655"><subfield code="a">Dictionnaires</subfield><subfield code="2">idref</subfield><subfield code="0">(IDREF)027232050</subfield></datafield><datafield ind1=" " ind2="7" tag="655"><subfield code="a">Biographie</subfield><subfield code="2">idszbz</subfield></datafield><datafield ind1=" " ind2="7" tag="655"><subfield code="a">Verzeichnis</subfield><subfield code="2">idszbz</subfield></datafield><datafield ind1="1" ind2=" " tag="700"><subfield code="a">Haupt, Georges</subfield><subfield code="d">1928-1978</subfield><subfield code="0">(DE-588)123629748</subfield><subfield code="6">880-02</subfield></datafield><datafield ind1="1" ind2=" " tag="880"><subfield code="6">700-02</subfield><subfield code="a">Haupt, Georges</subfield><subfield code="d">1928-1978</subfield><subfield code="0">(IDREF)026916207</subfield></datafield><datafield ind1="1" ind2=" " tag="700"><subfield code="a">Maitron, Jean</subfield><subfield code="0">(RERO)A003552561</subfield></datafield></record>
</metadata></record>