<record><header><identifier>oai:alma.41SLSP_UGE:991000002089705502</identifier><datestamp>2024-09-28T00:30:02Z</datestamp><setSpec>uge_bcen_RapidILL_BOOK</setSpec><setSpec>uge_aaca_RapidILL_BOOK</setSpec><setSpec>uge_abels_RapidILL_BOOK</setSpec><setSpec>uge_dbu_RapidILL_BOOK</setSpec><setSpec>uge_cmu_RapidILL_BOOK</setSpec><setSpec>uge_mail_RapidILL_BOOK</setSpec><setSpec>uge_abbat_RapidILL_BOOK</setSpec><setSpec>UNIGE_ALL</setSpec><setSpec>uge_aobs_RapidILL_BOOK</setSpec><setSpec>uge_acar_RapidILL_BOOK</setSpec></header><metadata>
<record xmlns="http://www.loc.gov/MARC21/slim" xmlns:xsi="http://www.w3.org/2001/XMLSchema-instance" xsi:schemaLocation="http://www.loc.gov/MARC21/slim http://www.loc.gov/standards/marcxml/schema/MARC21slim.xsd"><leader>01563nam a2200457 c 4500</leader><controlfield tag="001">991000002089705502</controlfield><controlfield tag="005">20240927183648.0</controlfield><controlfield tag="008">201011s1986    ne ||||| |||| 00| ||eng d</controlfield><datafield ind1=" " ind2=" " tag="020"><subfield code="a">9027722072</subfield></datafield><datafield ind1=" " ind2=" " tag="035"><subfield code="a">(swissbib)211427586-41slsp_network</subfield></datafield><datafield ind1=" " ind2=" " tag="035"><subfield code="a">211427586</subfield><subfield code="9">ExL</subfield></datafield><datafield ind1=" " ind2=" " tag="035"><subfield code="a">(RERO)0723798-41slsp</subfield></datafield><datafield ind1=" " ind2=" " tag="035"><subfield code="a">(NEBIS)000380206EBI01</subfield></datafield><datafield ind1=" " ind2=" " tag="035"><subfield code="a">(IDSBB)000311807DSV01</subfield></datafield><datafield ind1=" " ind2=" " tag="035"><subfield code="a">(EXLNZ-41SLSP_NETWORK)991085667989705501</subfield></datafield><datafield ind1=" " ind2=" " tag="040"><subfield code="a">RERO geussm</subfield><subfield code="d">CH-ZuSLS</subfield></datafield><datafield ind1=" " ind2=" " tag="044"><subfield code="a">ne</subfield><subfield code="a">xxu</subfield></datafield><datafield ind1=" " ind2="7" tag="072"><subfield code="a">ma</subfield><subfield code="2">rero</subfield></datafield><datafield ind1=" " ind2="7" tag="072"><subfield code="a">py</subfield><subfield code="2">rero</subfield></datafield><datafield ind1=" " ind2="7" tag="072"><subfield code="a">py</subfield><subfield code="2">SzZuIDS BS/BE</subfield></datafield><datafield ind1="1" ind2="4" tag="082"><subfield code="a">530</subfield><subfield code="2">15</subfield></datafield><datafield ind1=" " ind2=" " tag="084"><subfield code="a">SK 270</subfield><subfield code="2">rvk</subfield></datafield><datafield ind1="0" ind2="0" tag="245"><subfield code="a">Essays on supersymmetry</subfield><subfield code="c">ed. by C. Fronsdal ; with contrib. by M. Flato, C. Fronsdal, T. Hirai</subfield></datafield><datafield ind1=" " ind2="1" tag="264"><subfield code="a">Dordrecht</subfield><subfield code="a">Boston [etc.]</subfield><subfield code="b">D. Reidel</subfield><subfield code="c">1986</subfield></datafield><datafield ind1=" " ind2=" " tag="300"><subfield code="a">IX, 270 p.</subfield><subfield code="c">25 cm</subfield></datafield><datafield ind1=" " ind2=" " tag="336"><subfield code="b">txt</subfield><subfield code="2">rdacontent</subfield></datafield><datafield ind1=" " ind2=" " tag="337"><subfield code="b">n</subfield><subfield code="2">rdamedia</subfield></datafield><datafield ind1=" " ind2=" " tag="338"><subfield code="b">nc</subfield><subfield code="2">rdacarrier</subfield></datafield><datafield ind1="1" ind2=" " tag="490"><subfield code="a">Mathematical physics studies</subfield><subfield code="v">vol. 8</subfield></datafield><datafield ind1=" " ind2=" " tag="504"><subfield code="a">Bibliogr</subfield></datafield><datafield ind1=" " ind2="7" tag="650"><subfield code="a">SUPERSYMMETRIE (QUANTENTHEORIE)</subfield><subfield code="9">ger</subfield><subfield code="0">(ETHUDK)000014277</subfield><subfield code="2">ethudk</subfield></datafield><datafield ind1=" " ind2="7" tag="650"><subfield code="a">Supersymmetrie</subfield><subfield code="2">idsbb</subfield></datafield><datafield ind1=" " ind2=" " tag="690"><subfield code="a">530.14</subfield><subfield code="d">Quantenmechanik, Quantentheorie</subfield><subfield code="2">uzb-UK</subfield></datafield><datafield ind1="1" ind2=" " tag="700"><subfield code="a">Fronsdal, C.</subfield></datafield><datafield ind1="1" ind2=" " tag="700"><subfield code="a">Flato, Moshé</subfield><subfield code="d">1937-1998</subfield><subfield code="0">(DE-588)172076633</subfield></datafield><datafield ind1="1" ind2=" " tag="700"><subfield code="a">Hirai, T.</subfield></datafield><datafield ind1="1" ind2=" " tag="700"><subfield code="a">Flato, Moshé</subfield></datafield><datafield ind1="1" ind2=" " tag="700"><subfield code="a">Fronsdal, Christian</subfield><subfield code="0">(RERO)A003266892</subfield></datafield><datafield ind1=" " ind2=" " tag="830"><subfield code="a">Mathematical physics studies</subfield><subfield code="v">8</subfield><subfield code="w">(RERO)0579502-41slsp</subfield></datafield><datafield ind1=" " ind2=" " tag="830"><subfield code="a">Mathematical physics studies</subfield><subfield code="v">8</subfield><subfield code="w">(IDSBB)000010969DSV01</subfield></datafield><datafield ind1=" " ind2=" " tag="830"><subfield code="a">Mathematical physics studies</subfield><subfield code="v">8</subfield><subfield code="w">(NEBIS)000021203EBI01</subfield></datafield><datafield ind1=" " ind2=" " tag="900"><subfield code="a">REROnoselfmerge</subfield></datafield></record>
</metadata></record>