<record><header><identifier>oai:alma.41SLSP_UGE:991000002919705502</identifier><datestamp>2023-03-01T01:08:52Z</datestamp><setSpec>uge_bcen_RapidILL_BOOK</setSpec><setSpec>uge_aaca_RapidILL_BOOK</setSpec><setSpec>uge_abels_RapidILL_BOOK</setSpec><setSpec>uge_dbu_RapidILL_BOOK</setSpec><setSpec>uge_cmu_RapidILL_BOOK</setSpec><setSpec>uge_mail_RapidILL_BOOK</setSpec><setSpec>UNIGE_ALL</setSpec><setSpec>uge_abbat_RapidILL_BOOK</setSpec><setSpec>uge_aobs_RapidILL_BOOK</setSpec><setSpec>uge_acar_RapidILL_BOOK</setSpec></header><metadata>
<record xmlns="http://www.loc.gov/MARC21/slim" xmlns:xsi="http://www.w3.org/2001/XMLSchema-instance" xsi:schemaLocation="http://www.loc.gov/MARC21/slim http://www.loc.gov/standards/marcxml/schema/MARC21slim.xsd"><leader>01343nam a2200337 c 4500</leader><controlfield tag="001">991000002919705502</controlfield><controlfield tag="005">20201229232045.0</controlfield><controlfield tag="008">201011s1960    xxu||||| |||| 00| ||eng d</controlfield><datafield ind1=" " ind2=" " tag="010"><subfield code="a">59010722</subfield></datafield><datafield ind1=" " ind2=" " tag="035"><subfield code="a">(swissbib)216543789-41slsp_network</subfield></datafield><datafield ind1=" " ind2=" " tag="035"><subfield code="a">216543789</subfield><subfield code="9">ExL</subfield></datafield><datafield ind1=" " ind2=" " tag="035"><subfield code="a">(RERO)0953278-41slsp</subfield></datafield><datafield ind1=" " ind2=" " tag="035"><subfield code="a">(NEBIS)000603641EBI01</subfield></datafield><datafield ind1=" " ind2=" " tag="035"><subfield code="a">(EXLNZ-41SLSP_NETWORK)991158443109705501</subfield></datafield><datafield ind1=" " ind2=" " tag="040"><subfield code="a">RERO geudbu</subfield><subfield code="d">CH-ZuSLS</subfield></datafield><datafield ind1=" " ind2="7" tag="072"><subfield code="a">in</subfield><subfield code="2">rero</subfield></datafield><datafield ind1="1" ind2=" " tag="100"><subfield code="a">Rogers, A.E.</subfield><subfield code="0">(RERO)A003755321</subfield><subfield code="4">cre</subfield></datafield><datafield ind1="1" ind2="0" tag="245"><subfield code="a">Analog computation in engineering design</subfield><subfield code="c">A.E. Rogers, T.W. Connolly ; with contributions by W. Brunner, R.R. Favreau, and T.D. Truitt</subfield></datafield><datafield ind1=" " ind2="1" tag="264"><subfield code="a">New York N.Y.</subfield><subfield code="a">Toronto [etc.]</subfield><subfield code="b">McGraw-Hill Book</subfield><subfield code="c">1960</subfield></datafield><datafield ind1=" " ind2=" " tag="300"><subfield code="a">X, 450 p.</subfield><subfield code="b">ill.</subfield><subfield code="c">24 cm</subfield></datafield><datafield ind1=" " ind2=" " tag="336"><subfield code="b">txt</subfield><subfield code="2">rdacontent</subfield></datafield><datafield ind1=" " ind2=" " tag="337"><subfield code="b">n</subfield><subfield code="2">rdamedia</subfield></datafield><datafield ind1=" " ind2=" " tag="338"><subfield code="b">nc</subfield><subfield code="2">rdacarrier</subfield></datafield><datafield ind1="1" ind2=" " tag="490"><subfield code="a">McGraw-Hill series in information processing and computers</subfield></datafield><datafield ind1=" " ind2="7" tag="650"><subfield code="a">ANALOGCOMPUTER (COMPUTERSYSTEME)</subfield><subfield code="9">ger</subfield><subfield code="0">(ETHUDK)000034759</subfield><subfield code="2">ethudk</subfield></datafield><datafield ind1=" " ind2="7" tag="650"><subfield code="a">ANALOGE NACHRICHTENTECHNIK + ANALOGTECHNIK (NACHRICHTENTECHNIK)</subfield><subfield code="9">ger</subfield><subfield code="0">(ETHUDK)000044746</subfield><subfield code="2">ethudk</subfield></datafield><datafield ind1="1" ind2=" " tag="700"><subfield code="a">Brunner, William</subfield></datafield><datafield ind1="1" ind2=" " tag="700"><subfield code="a">Brunner, W</subfield><subfield code="0">(RERO)A003051223</subfield></datafield><datafield ind1="1" ind2=" " tag="700"><subfield code="a">Connolly, T.W</subfield><subfield code="0">(RERO)A003129887</subfield></datafield><datafield ind1=" " ind2=" " tag="830"><subfield code="a">McGraw Hill series in information processing and computers</subfield><subfield code="w">(RERO)0123006-41slsp</subfield></datafield><datafield ind1=" " ind2=" " tag="900"><subfield code="a">REROnoselfmerge</subfield></datafield><datafield ind1=" " ind2=" " tag="900"><subfield code="a">IDSE5E08ANH-2004</subfield></datafield></record>
</metadata></record>