<record><header><identifier>oai:alma.41SLSP_UGE:991000020509705502</identifier><datestamp>2024-10-17T00:10:23Z</datestamp><setSpec>uge_bcen_RapidILL_BOOK</setSpec><setSpec>uge_aaca_RapidILL_BOOK</setSpec><setSpec>uge_abels_RapidILL_BOOK</setSpec><setSpec>uge_dbu_RapidILL_BOOK</setSpec><setSpec>uge_cmu_RapidILL_BOOK</setSpec><setSpec>uge_mail_RapidILL_BOOK</setSpec><setSpec>uge_abbat_RapidILL_BOOK</setSpec><setSpec>UNIGE_ALL</setSpec><setSpec>uge_aobs_RapidILL_BOOK</setSpec><setSpec>uge_acar_RapidILL_BOOK</setSpec></header><metadata>
<record xmlns="http://www.loc.gov/MARC21/slim" xmlns:xsi="http://www.w3.org/2001/XMLSchema-instance" xsi:schemaLocation="http://www.loc.gov/MARC21/slim http://www.loc.gov/standards/marcxml/schema/MARC21slim.xsd"><leader>02477nam a2200601 c 4500</leader><controlfield tag="001">991000020509705502</controlfield><controlfield tag="005">20241016193648.0</controlfield><controlfield tag="008">201011s2009    gw ||||| |||| 00| ||eng d</controlfield><datafield ind1=" " ind2=" " tag="015"><subfield code="a">GBA894580</subfield><subfield code="2">bnb</subfield></datafield><datafield ind1=" " ind2=" " tag="020"><subfield code="a">352732089X</subfield><subfield code="q">alk. paper</subfield></datafield><datafield ind1=" " ind2=" " tag="020"><subfield code="a">9783527320899</subfield><subfield code="q">alk. paper</subfield></datafield><datafield ind1="7" ind2=" " tag="024"><subfield code="a">http://catalogue.bnf.fr/ark:/12148/cb42059852d</subfield><subfield code="2">uri</subfield></datafield><datafield ind1=" " ind2=" " tag="035"><subfield code="a">(swissbib)231037635-41slsp_network</subfield></datafield><datafield ind1=" " ind2=" " tag="035"><subfield code="a">231037635</subfield><subfield code="9">ExL</subfield></datafield><datafield ind1=" " ind2=" " tag="035"><subfield code="a">(RERO)R005450787-41slsp</subfield></datafield><datafield ind1=" " ind2=" " tag="035"><subfield code="a">(IDSBB)005144828DSV01</subfield></datafield><datafield ind1=" " ind2=" " tag="035"><subfield code="a">(NEBIS)005670614EBI01</subfield></datafield><datafield ind1=" " ind2=" " tag="035"><subfield code="a">(EXLNZ-41SLSP_NETWORK)991129077519705501</subfield></datafield><datafield ind1=" " ind2=" " tag="040"><subfield code="a">UKM</subfield><subfield code="d">CH-ZuSLS</subfield></datafield><datafield ind1="0" ind2="0" tag="060"><subfield code="a">2009 K-475</subfield></datafield><datafield ind1="1" ind2="0" tag="060"><subfield code="a">QU 75</subfield><subfield code="b">S947 2009</subfield></datafield><datafield ind1=" " ind2="7" tag="072"><subfield code="a">me</subfield><subfield code="2">rero</subfield></datafield><datafield ind1=" " ind2="7" tag="072"><subfield code="a">ch</subfield><subfield code="2">SzZuIDS BS/BE</subfield></datafield><datafield ind1="0" ind2="4" tag="082"><subfield code="a">572.567</subfield><subfield code="2">22</subfield></datafield><datafield ind1=" " ind2=" " tag="084"><subfield code="a">VK 8580</subfield><subfield code="2">rvk</subfield></datafield><datafield ind1=" " ind2=" " tag="084"><subfield code="a">WD 5500</subfield><subfield code="2">rvk</subfield></datafield><datafield ind1="0" ind2="0" tag="245"><subfield code="a">&lt;&lt;The&gt;&gt; sugar code</subfield><subfield code="b">fundamentals of glycosciences</subfield><subfield code="c">edited by Hans-Joachim Gabius</subfield></datafield><datafield ind1=" " ind2="1" tag="264"><subfield code="a">Weinheim</subfield><subfield code="b">Wiley-VCH</subfield><subfield code="a">Chichester</subfield><subfield code="b">John Wiley [distributor]</subfield><subfield code="c">[2009]</subfield></datafield><datafield ind1=" " ind2="4" tag="264"><subfield code="c">© 2009</subfield></datafield><datafield ind1=" " ind2=" " tag="300"><subfield code="a">xxviii, 569 p.</subfield><subfield code="b">ill.</subfield><subfield code="c">25 cm.</subfield></datafield><datafield ind1=" " ind2=" " tag="336"><subfield code="b">txt</subfield><subfield code="2">rdacontent</subfield></datafield><datafield ind1=" " ind2=" " tag="337"><subfield code="b">n</subfield><subfield code="2">rdamedia</subfield></datafield><datafield ind1=" " ind2=" " tag="338"><subfield code="b">nc</subfield><subfield code="2">rdacarrier</subfield></datafield><datafield ind1=" " ind2=" " tag="504"><subfield code="a">Includes bibliographical references and index.</subfield></datafield><datafield ind1=" " ind2="2" tag="650"><subfield code="a">Carbohydrates</subfield></datafield><datafield ind1=" " ind2="2" tag="650"><subfield code="a">Lectins</subfield></datafield><datafield ind1=" " ind2="2" tag="650"><subfield code="a">Carbohydrates</subfield><subfield code="x">metabolism</subfield></datafield><datafield ind1=" " ind2="7" tag="650"><subfield code="a">Kohlenhydrate</subfield><subfield code="2">idsbb</subfield></datafield><datafield ind1=" " ind2="7" tag="650"><subfield code="a">Glykoproteine</subfield><subfield code="2">idsbb</subfield></datafield><datafield ind1=" " ind2="7" tag="650"><subfield code="a">Glykolipide</subfield><subfield code="2">idsbb</subfield></datafield><datafield ind1=" " ind2="7" tag="650"><subfield code="a">Polysaccharide</subfield><subfield code="v">0 Gesamtdarstellung</subfield><subfield code="2">idsbb</subfield></datafield><datafield ind1=" " ind2="0" tag="650"><subfield code="a">Glycoconjugates</subfield></datafield><datafield ind1=" " ind2="0" tag="650"><subfield code="a">Glycosylation</subfield></datafield><datafield ind1=" " ind2="7" tag="650"><subfield code="a">GLYCOPROTEINE + GLYCOLIPIDE + PROTEOGLYKANE + GLYCOPROTEIDE (NATURSTOFFE)</subfield><subfield code="9">ger</subfield><subfield code="0">(ETHUDK)000019468</subfield><subfield code="2">ethudk</subfield></datafield><datafield ind1=" " ind2="7" tag="650"><subfield code="a">GLYKOSYLIERUNGSREAKTIONEN + GLYKOSYLIERUNG (BIOCHEMIE)</subfield><subfield code="9">ger</subfield><subfield code="0">(ETHUDK)000042780</subfield><subfield code="2">ethudk</subfield></datafield><datafield ind1=" " ind2="7" tag="650"><subfield code="a">KOHLENHYDRATKOMPLEXE (BIOCHEMIE)</subfield><subfield code="9">ger</subfield><subfield code="0">(ETHUDK)000021921</subfield><subfield code="2">ethudk</subfield></datafield><datafield ind1=" " ind2="7" tag="650"><subfield code="a">MOLEKULARES ERKENNEN (CHEMISCHE BINDUNG)</subfield><subfield code="9">ger</subfield><subfield code="0">(ETHUDK)000042866</subfield><subfield code="2">ethudk</subfield></datafield><datafield ind1=" " ind2="7" tag="650"><subfield code="a">PROTEIN-KOHLENHYDRAT-WECHSELWIRKUNGEN</subfield><subfield code="9">ger</subfield><subfield code="0">(ETHUDK)000055592</subfield><subfield code="2">ethudk</subfield></datafield><datafield ind1="1" ind2=" " tag="700"><subfield code="a">Gabius, Hans-Joachim</subfield><subfield code="d">1955-....</subfield><subfield code="0">(IDREF)069209227</subfield></datafield><datafield ind1="4" ind2=" " tag="856"><subfield code="3">Titelblatt und Inhaltsverzeichnis</subfield><subfield code="u">https://toc.library.ethz.ch/objects/pdf/e01_978-3-527-32089-9_01.pdf</subfield><subfield code="q">pdf</subfield></datafield><datafield ind1="4" ind2=" " tag="856"><subfield code="3">Abstract / Autoreninformation</subfield><subfield code="u">https://toc.library.ethz.ch/objects/pdf/e01_978-3-527-32089-9_02.pdf</subfield><subfield code="q">pdf</subfield></datafield><datafield ind1=" " ind2=" " tag="900"><subfield code="a">IDSE5E57ANH-2012</subfield></datafield><datafield ind1=" " ind2=" " tag="949"><subfield code="a">https://toc.library.ethz.ch/objects/pdf/e01_978-3-527-32089-9_01.pdf</subfield></datafield><datafield ind1=" " ind2=" " tag="949"><subfield code="a">https://toc.library.ethz.ch/objects/pdf/e01_978-3-527-32089-9_02.pdf</subfield></datafield></record>
</metadata></record>