<record><header><identifier>oai:alma.41SLSP_UGE:991000019989705502</identifier><datestamp>2023-03-01T01:08:52Z</datestamp><setSpec>uge_bcen_RapidILL_BOOK</setSpec><setSpec>uge_aaca_RapidILL_BOOK</setSpec><setSpec>uge_abels_RapidILL_BOOK</setSpec><setSpec>uge_dbu_RapidILL_BOOK</setSpec><setSpec>uge_cmu_RapidILL_BOOK</setSpec><setSpec>uge_mail_RapidILL_BOOK</setSpec><setSpec>UNIGE_ALL</setSpec><setSpec>uge_abbat_RapidILL_BOOK</setSpec><setSpec>uge_aobs_RapidILL_BOOK</setSpec><setSpec>uge_acar_RapidILL_BOOK</setSpec></header><metadata>
<record xmlns="http://www.loc.gov/MARC21/slim" xmlns:xsi="http://www.w3.org/2001/XMLSchema-instance" xsi:schemaLocation="http://www.loc.gov/MARC21/slim http://www.loc.gov/standards/marcxml/schema/MARC21slim.xsd"><leader>01568nam a2200361 c 4500</leader><controlfield tag="001">991000019989705502</controlfield><controlfield tag="005">20210206211557.0</controlfield><controlfield tag="008">000912m19241935ua ||||| |||| 00| ||fre d</controlfield><datafield ind1=" " ind2=" " tag="035"><subfield code="a">(swissbib)095474293-41slsp_network</subfield></datafield><datafield ind1=" " ind2=" " tag="035"><subfield code="a">095474293</subfield><subfield code="9">ExL</subfield></datafield><datafield ind1=" " ind2=" " tag="035"><subfield code="a">(RERO)R266369860-41slsp</subfield></datafield><datafield ind1=" " ind2=" " tag="035"><subfield code="a">(EXLNZ-41SLSP_NETWORK)991141754779705501</subfield></datafield><datafield ind1=" " ind2=" " tag="040"><subfield code="a">RERO gevbpu</subfield><subfield code="d">CH-ZuSLS</subfield></datafield><datafield ind1=" " ind2="7" tag="072"><subfield code="a">ar</subfield><subfield code="2">rero</subfield></datafield><datafield ind1="1" ind2=" " tag="080"><subfield code="a">933.2</subfield></datafield><datafield ind1="1" ind2=" " tag="100"><subfield code="a">Henne, Henri</subfield><subfield code="d">1895-1983</subfield><subfield code="0">(IDREF)067042155</subfield><subfield code="4">cre</subfield></datafield><datafield ind1="1" ind2="0" tag="245"><subfield code="a">Rapport sur les fouilles de Tell Edfou</subfield><subfield code="c">par Henri Henne, Octave Guéraud [et] Maurice Alliot</subfield></datafield><datafield ind1=" " ind2="1" tag="264"><subfield code="a">Le Caire</subfield><subfield code="b">Impr. de l'Institut français d'archéologie orientale</subfield><subfield code="c">1924-1935</subfield></datafield><datafield ind1=" " ind2=" " tag="300"><subfield code="a">5 vol.</subfield><subfield code="b">ill.</subfield><subfield code="c">32 cm</subfield></datafield><datafield ind1=" " ind2=" " tag="336"><subfield code="b">txt</subfield><subfield code="2">rdacontent</subfield></datafield><datafield ind1=" " ind2=" " tag="337"><subfield code="b">n</subfield><subfield code="2">rdamedia</subfield></datafield><datafield ind1=" " ind2=" " tag="338"><subfield code="b">nc</subfield><subfield code="2">rdacarrier</subfield></datafield><datafield ind1="1" ind2=" " tag="490"><subfield code="a">Fouilles de l'Institut français d'archéologie orientale du Caire. Rapports préliminaires</subfield><subfield code="v">1/2, 2/3, 6/4, 9/2, 10/2</subfield></datafield><datafield ind1=" " ind2=" " tag="500"><subfield code="a">Ministère de l'instruction publique et des beaux-arts</subfield></datafield><datafield ind1=" " ind2=" " tag="500"><subfield code="a">Pas de rapports parus pour les années 1925-1927, 1929-1931</subfield></datafield><datafield ind1="0" ind2=" " tag="505"><subfield code="a">[Vol. 1]: (1921-1922) / par Henri Henne</subfield></datafield><datafield ind1="0" ind2=" " tag="505"><subfield code="a">[Vol. 2]: (1923-1924) / par Henri Henne</subfield></datafield><datafield ind1="0" ind2=" " tag="505"><subfield code="a">[Vol. 3]: (1928) / par Octave Guéraud</subfield></datafield><datafield ind1="0" ind2=" " tag="505"><subfield code="a">[Vol. 4]: (1932) / par Maurice Alliot</subfield></datafield><datafield ind1="0" ind2=" " tag="505"><subfield code="a">[Vol. 5]: (1933) / par Maurice Alliot</subfield></datafield><datafield ind1="1" ind2=" " tag="700"><subfield code="a">Guéraud, Octave</subfield><subfield code="d">1901-1987</subfield><subfield code="0">(IDREF)130904678</subfield></datafield><datafield ind1="1" ind2=" " tag="700"><subfield code="a">Alliot, Maurice</subfield><subfield code="d">1903-1960</subfield><subfield code="0">(IDREF)05695171X</subfield></datafield><datafield ind1=" " ind2="0" tag="830"><subfield code="a">Fouilles de l'Institut Français d'Archéologie Orientale du Caire</subfield><subfield code="v">1/2, 2/3, 6/4, 9/2, 10/2</subfield><subfield code="w">(RERO)0135104-41slsp</subfield></datafield><datafield ind1=" " ind2=" " tag="900"><subfield code="a">REROnoselfmerge</subfield></datafield></record>
</metadata></record>