<record><header><identifier>oai:alma.41SLSP_UGE:991000019699705502</identifier><datestamp>2023-03-01T01:08:52Z</datestamp><setSpec>uge_bcen_RapidILL_BOOK</setSpec><setSpec>uge_aaca_RapidILL_BOOK</setSpec><setSpec>uge_abels_RapidILL_BOOK</setSpec><setSpec>uge_dbu_RapidILL_BOOK</setSpec><setSpec>uge_cmu_RapidILL_BOOK</setSpec><setSpec>uge_mail_RapidILL_BOOK</setSpec><setSpec>UNIGE_ALL</setSpec><setSpec>uge_abbat_RapidILL_BOOK</setSpec><setSpec>uge_aobs_RapidILL_BOOK</setSpec><setSpec>uge_acar_RapidILL_BOOK</setSpec></header><metadata>
<record xmlns="http://www.loc.gov/MARC21/slim" xmlns:xsi="http://www.w3.org/2001/XMLSchema-instance" xsi:schemaLocation="http://www.loc.gov/MARC21/slim http://www.loc.gov/standards/marcxml/schema/MARC21slim.xsd"><leader>00899nam a2200277uc 4500</leader><controlfield tag="001">991000019699705502</controlfield><controlfield tag="005">20201227164103.0</controlfield><controlfield tag="008">190628s1982    bl            000 0 por d</controlfield><datafield ind1=" " ind2=" " tag="035"><subfield code="a">(swissbib)125787278-41slsp_network</subfield></datafield><datafield ind1=" " ind2=" " tag="035"><subfield code="a">125787278</subfield><subfield code="9">ExL</subfield></datafield><datafield ind1=" " ind2=" " tag="035"><subfield code="a">(RERO)R008939459-41slsp</subfield></datafield><datafield ind1=" " ind2=" " tag="035"><subfield code="a">(EXLNZ-41SLSP_NETWORK)991013562119705501</subfield></datafield><datafield ind1=" " ind2=" " tag="040"><subfield code="a">DLC</subfield><subfield code="d">CH-ZuSLS</subfield></datafield><datafield ind1="0" ind2="0" tag="050"><subfield code="a">PQ9697.G5445</subfield><subfield code="b">S2</subfield></datafield><datafield ind1=" " ind2="7" tag="072"><subfield code="a">es</subfield><subfield code="2">rero</subfield></datafield><datafield ind1="1" ind2=" " tag="100"><subfield code="a">Gomes, Dias</subfield><subfield code="d">1922-1999</subfield><subfield code="0">(IDREF)028072367</subfield><subfield code="4">aut</subfield></datafield><datafield ind1="1" ind2="0" tag="245"><subfield code="a">&lt;&lt;O&gt;&gt; santo inquérito</subfield><subfield code="b">(peça em dois atos)</subfield><subfield code="c">Dias Gomes</subfield></datafield><datafield ind1=" " ind2=" " tag="250"><subfield code="a">6a ed.</subfield></datafield><datafield ind1=" " ind2="1" tag="264"><subfield code="a">[Rio de Janeiro]</subfield><subfield code="b">Civilização Brasileira</subfield><subfield code="c">[1982]</subfield></datafield><datafield ind1=" " ind2=" " tag="300"><subfield code="a">124 p.</subfield><subfield code="c">22 cm</subfield></datafield><datafield ind1=" " ind2=" " tag="336"><subfield code="b">txt</subfield><subfield code="2">rdacontent</subfield></datafield><datafield ind1=" " ind2=" " tag="337"><subfield code="b">n</subfield><subfield code="2">rdamedia</subfield></datafield><datafield ind1=" " ind2=" " tag="338"><subfield code="b">nc</subfield><subfield code="2">rdacarrier</subfield></datafield><datafield ind1="1" ind2=" " tag="490"><subfield code="a">Teatro de Dias Gomes</subfield><subfield code="v">vol. 3</subfield></datafield><datafield ind1=" " ind2=" " tag="830"><subfield code="a">Teatro de Dias Gomes</subfield><subfield code="v">3</subfield><subfield code="w">(RERO)R008939456-41slsp</subfield></datafield><datafield ind1=" " ind2=" " tag="900"><subfield code="a">REROnoselfmerge</subfield></datafield><datafield ind1=" " ind2=" " tag="910"><subfield code="a">LOC</subfield><subfield code="b">20190628</subfield><subfield code="c">Réutilisation sous conditions</subfield></datafield><datafield ind1=" " ind2=" " tag="993"><subfield code="a">BFLA 289580</subfield><subfield code="x">ge/ulpo/d/19/CEL</subfield><subfield code="9">LOCAL</subfield></datafield></record>
</metadata></record>