<record><header><identifier>oai:alma.41SLSP_UGE:991000020529705502</identifier><datestamp>2023-04-23T00:11:55Z</datestamp><setSpec>uge_bcen_RapidILL_BOOK</setSpec><setSpec>uge_aaca_RapidILL_BOOK</setSpec><setSpec>uge_abels_RapidILL_BOOK</setSpec><setSpec>uge_dbu_RapidILL_BOOK</setSpec><setSpec>uge_cmu_RapidILL_BOOK</setSpec><setSpec>uge_mail_RapidILL_BOOK</setSpec><setSpec>uge_abbat_RapidILL_BOOK</setSpec><setSpec>UNIGE_ALL</setSpec><setSpec>uge_acar_RapidILL_BOOK</setSpec><setSpec>uge_aobs_RapidILL_BOOK</setSpec></header><metadata>
<record xmlns="http://www.loc.gov/MARC21/slim" xmlns:xsi="http://www.w3.org/2001/XMLSchema-instance" xsi:schemaLocation="http://www.loc.gov/MARC21/slim http://www.loc.gov/standards/marcxml/schema/MARC21slim.xsd"><leader>01771nam a2200397uc 4500</leader><controlfield tag="001">991000020529705502</controlfield><controlfield tag="005">20230422203118.0</controlfield><controlfield tag="008">201011s1990    sz     |      00| ||fre|d</controlfield><datafield ind1=" " ind2=" " tag="020"><subfield code="a">2701113636</subfield><subfield code="q">Ed. Bélin</subfield></datafield><datafield ind1=" " ind2=" " tag="020"><subfield code="a">260300803X</subfield><subfield code="q">Delachaux</subfield></datafield><datafield ind1="7" ind2=" " tag="024"><subfield code="a">http://catalogue.bnf.fr/ark:/12148/cb356151808</subfield><subfield code="2">uri</subfield></datafield><datafield ind1=" " ind2=" " tag="035"><subfield code="a">(swissbib)218772912-41slsp_network</subfield></datafield><datafield ind1=" " ind2=" " tag="035"><subfield code="a">218772912</subfield><subfield code="9">ExL</subfield></datafield><datafield ind1=" " ind2=" " tag="035"><subfield code="a">(NEBIS)000582754EBI01</subfield></datafield><datafield ind1=" " ind2=" " tag="035"><subfield code="a">(RERO)1341480-41slsp</subfield></datafield><datafield ind1=" " ind2=" " tag="035"><subfield code="a">(EXLNZ-41SLSP_NETWORK)991014253119705501</subfield></datafield><datafield ind1=" " ind2=" " tag="040"><subfield code="a">WSL</subfield><subfield code="b">ger</subfield><subfield code="e">ETHICS-ISBD</subfield><subfield code="d">CH-ZuSLS</subfield></datafield><datafield ind1=" " ind2=" " tag="044"><subfield code="a">sz</subfield><subfield code="c">ch-ne</subfield></datafield><datafield ind1=" " ind2="7" tag="072"><subfield code="a">bo</subfield><subfield code="2">rero</subfield></datafield><datafield ind1="1" ind2=" " tag="100"><subfield code="a">Bonnier, Gaston</subfield><subfield code="d">1853-1922</subfield><subfield code="0">(IDREF)028091035</subfield><subfield code="4">cre</subfield></datafield><datafield ind1="1" ind2="0" tag="245"><subfield code="a">&lt;&lt;La&gt;&gt; grande flore en couleurs de Gaston Bonnier</subfield><subfield code="b">France, Suisse, Belgique et pays voisins: Texte</subfield><subfield code="c">Gaston Bonnier et Robert Douin; Ill. par Julie Poinsot; Nomenclature moderne et index réalisés par Raoul Palese ... [et al.] aux Conservatoire et Jardin botaniques de la Ville de Genève</subfield></datafield><datafield ind1=" " ind2="1" tag="264"><subfield code="a">cop. 1990</subfield></datafield><datafield ind1=" " ind2=" " tag="300"><subfield code="a">676, XXVI p.</subfield><subfield code="b">ill.</subfield><subfield code="c">33 cm</subfield></datafield><datafield ind1=" " ind2=" " tag="336"><subfield code="b">txt</subfield><subfield code="2">rdacontent</subfield></datafield><datafield ind1=" " ind2=" " tag="337"><subfield code="b">n</subfield><subfield code="2">rdamedia</subfield></datafield><datafield ind1=" " ind2=" " tag="338"><subfield code="b">nc</subfield><subfield code="2">rdacarrier</subfield></datafield><datafield ind1="1" ind2=" " tag="490"><subfield code="a">La grande flore en couleurs de Gaston Bonnier</subfield><subfield code="v">tome 3</subfield></datafield><datafield ind1=" " ind2="7" tag="650"><subfield code="a">Plantes sauvages</subfield><subfield code="0">(IDREF)027226026</subfield><subfield code="2">idref</subfield></datafield><datafield ind1=" " ind2="7" tag="650"><subfield code="a">Plantes</subfield><subfield code="0">(IDREF)027247279</subfield><subfield code="2">idref</subfield></datafield><datafield ind1=" " ind2="7" tag="650"><subfield code="a">Identification</subfield><subfield code="0">(IDREF)027616487</subfield><subfield code="2">idref</subfield></datafield><datafield ind1=" " ind2="7" tag="650"><subfield code="a">Classification</subfield><subfield code="0">(IDREF)02722337X</subfield><subfield code="2">idref</subfield></datafield><datafield ind1="1" ind2=" " tag="700"><subfield code="a">Poinsot, Julie</subfield></datafield><datafield ind1="1" ind2=" " tag="700"><subfield code="a">Palese, Raoul</subfield></datafield><datafield ind1="1" ind2=" " tag="700"><subfield code="a">Douin, Robert</subfield><subfield code="d">1892-1965</subfield><subfield code="0">(IDREF)03001512X</subfield></datafield><datafield ind1="1" ind2=" " tag="800"><subfield code="a">Bonnier, Gaston</subfield><subfield code="d">1853-1923</subfield><subfield code="t">&lt;&lt;La&gt;&gt; grande flore en couleurs de Gaston Bonnier : France, Suisse, Belgique et pays voisins</subfield><subfield code="v">3</subfield></datafield><datafield ind1="1" ind2=" " tag="800"><subfield code="a">Bonnier, Gaston</subfield><subfield code="d">1853-1923</subfield><subfield code="t">&lt;&lt;La&gt;&gt; grande flore en couleurs de Gaston Bonnier</subfield><subfield code="v">3</subfield><subfield code="w">(NEBIS)000582738EBI01</subfield></datafield><datafield ind1=" " ind2=" " tag="900"><subfield code="a">REROnoselfmerge</subfield></datafield></record>
</metadata></record>