<record><header><identifier>oai:alma.41SLSP_UGE:991000003019705502</identifier><datestamp>2023-03-31T00:22:22Z</datestamp><setSpec>uge_bcen_RapidILL_BOOK</setSpec><setSpec>uge_aaca_RapidILL_BOOK</setSpec><setSpec>uge_abels_RapidILL_BOOK</setSpec><setSpec>uge_dbu_RapidILL_BOOK</setSpec><setSpec>uge_cmu_RapidILL_BOOK</setSpec><setSpec>uge_mail_RapidILL_BOOK</setSpec><setSpec>uge_abbat_RapidILL_BOOK</setSpec><setSpec>UNIGE_ALL</setSpec><setSpec>uge_acar_RapidILL_BOOK</setSpec><setSpec>uge_aobs_RapidILL_BOOK</setSpec></header><metadata>
<record xmlns="http://www.loc.gov/MARC21/slim" xmlns:xsi="http://www.w3.org/2001/XMLSchema-instance" xsi:schemaLocation="http://www.loc.gov/MARC21/slim http://www.loc.gov/standards/marcxml/schema/MARC21slim.xsd"><leader>01862nam a2200397 c 4500</leader><controlfield tag="001">991000003019705502</controlfield><controlfield tag="005">20230330221801.0</controlfield><controlfield tag="008">201011s1990    xxk||||| |||| 10| ||eng d</controlfield><datafield ind1=" " ind2=" " tag="020"><subfield code="a">0903317516</subfield></datafield><datafield ind1=" " ind2=" " tag="035"><subfield code="a">(swissbib)212514946-41slsp_network</subfield></datafield><datafield ind1=" " ind2=" " tag="035"><subfield code="a">212514946</subfield><subfield code="9">ExL</subfield></datafield><datafield ind1=" " ind2=" " tag="035"><subfield code="a">(RERO)1382414-41slsp</subfield></datafield><datafield ind1=" " ind2=" " tag="035"><subfield code="a">(NEBIS)000550231EBI01</subfield></datafield><datafield ind1=" " ind2=" " tag="035"><subfield code="a">(EXLNZ-41SLSP_NETWORK)991046860079705501</subfield></datafield><datafield ind1=" " ind2=" " tag="040"><subfield code="a">RERO geusst</subfield><subfield code="d">CH-ZuSLS</subfield></datafield><datafield ind1=" " ind2="7" tag="072"><subfield code="a">st</subfield><subfield code="2">rero</subfield></datafield><datafield ind1="0" ind2="0" tag="245"><subfield code="a">Field testing in engineering geology</subfield><subfield code="b">proceedings of the 24th Annual Conference of the Engineering Group of the Geological Society Sunderland Polytechnic, 4-8 september 1988</subfield><subfield code="c">ed. by F.G. Bell... [et al.]</subfield></datafield><datafield ind1=" " ind2="1" tag="264"><subfield code="a">London</subfield><subfield code="b">Geological Society</subfield><subfield code="c">1990</subfield></datafield><datafield ind1=" " ind2=" " tag="300"><subfield code="a">VI, 354 p.</subfield><subfield code="b">ill.</subfield><subfield code="c">26 cm</subfield></datafield><datafield ind1=" " ind2=" " tag="336"><subfield code="b">txt</subfield><subfield code="2">rdacontent</subfield></datafield><datafield ind1=" " ind2=" " tag="337"><subfield code="b">n</subfield><subfield code="2">rdamedia</subfield></datafield><datafield ind1=" " ind2=" " tag="338"><subfield code="b">nc</subfield><subfield code="2">rdacarrier</subfield></datafield><datafield ind1="1" ind2=" " tag="490"><subfield code="a">Engineering geology special publication</subfield><subfield code="v">no 6</subfield></datafield><datafield ind1=" " ind2=" " tag="500"><subfield code="a">Anlassort: Sunderland</subfield></datafield><datafield ind1=" " ind2="7" tag="650"><subfield code="a">géologie de terrain</subfield><subfield code="0">(RERO)A010088349</subfield><subfield code="2">rerovoc</subfield></datafield><datafield ind1=" " ind2="7" tag="650"><subfield code="a">Mécanique des sols</subfield><subfield code="0">(IDREF)027355411</subfield><subfield code="2">idref</subfield></datafield><datafield ind1=" " ind2="7" tag="650"><subfield code="a">ERDBAU + ERDARBEITEN (BAUINGENIEURWESEN)</subfield><subfield code="9">ger</subfield><subfield code="0">(ETHUDK)000029838</subfield><subfield code="2">ethudk</subfield></datafield><datafield ind1=" " ind2="7" tag="650"><subfield code="a">GEOTECHNIK (ANGEWANDTE GEOLOGIE UND GEOPHYSIK)</subfield><subfield code="9">ger</subfield><subfield code="0">(ETHUDK)000019935</subfield><subfield code="2">ethudk</subfield></datafield><datafield ind1=" " ind2="7" tag="655"><subfield code="a">Actes de congrès</subfield><subfield code="0">(IDREF)02886431X</subfield><subfield code="2">idref</subfield></datafield><datafield ind1=" " ind2="7" tag="655"><subfield code="a">Konferenzschrift</subfield><subfield code="z">Sunderland</subfield><subfield code="y">1988/09</subfield><subfield code="2">gnd-content</subfield></datafield><datafield ind1="1" ind2=" " tag="700"><subfield code="a">Bell, Frederic Gladstone</subfield><subfield code="c">Geologe, Grossbritannien</subfield><subfield code="d">20. Jht</subfield></datafield><datafield ind1="1" ind2=" " tag="700"><subfield code="a">Bell, F.G</subfield><subfield code="0">(RERO)A002986875</subfield></datafield><datafield ind1="2" ind2=" " tag="710"><subfield code="a">Geological Society</subfield><subfield code="g">London</subfield><subfield code="b">Engineering Group</subfield><subfield code="0">(DE-588)672919-8</subfield></datafield><datafield ind1="2" ind2=" " tag="710"><subfield code="a">Geological Society of London</subfield><subfield code="b">Engineering Group</subfield><subfield code="b">Annual Conference</subfield><subfield code="n">24</subfield><subfield code="d">1988</subfield><subfield code="c">Sunderland</subfield><subfield code="0">(RERO)A012377282</subfield></datafield><datafield ind1="2" ind2=" " tag="711"><subfield code="a">Annual Conference of the Engineering Group of the Geological Society</subfield><subfield code="0">(DE-588)1091904502</subfield></datafield><datafield ind1=" " ind2=" " tag="830"><subfield code="a">Engineering geology special publication</subfield><subfield code="v">6</subfield><subfield code="w">(RERO)1300471-41slsp</subfield></datafield><datafield ind1=" " ind2=" " tag="900"><subfield code="a">REROnoselfmerge</subfield></datafield></record>
</metadata></record>