<record><header><identifier>oai:alma.41SLSP_UGE:991000020009705502</identifier><datestamp>2023-03-01T01:08:52Z</datestamp><setSpec>uge_bcen_RapidILL_BOOK</setSpec><setSpec>uge_aaca_RapidILL_BOOK</setSpec><setSpec>uge_abels_RapidILL_BOOK</setSpec><setSpec>uge_dbu_RapidILL_BOOK</setSpec><setSpec>uge_cmu_RapidILL_BOOK</setSpec><setSpec>uge_mail_RapidILL_BOOK</setSpec><setSpec>UNIGE_ALL</setSpec><setSpec>uge_abbat_RapidILL_BOOK</setSpec><setSpec>uge_aobs_RapidILL_BOOK</setSpec><setSpec>uge_acar_RapidILL_BOOK</setSpec></header><metadata>
<record xmlns="http://www.loc.gov/MARC21/slim" xmlns:xsi="http://www.w3.org/2001/XMLSchema-instance" xsi:schemaLocation="http://www.loc.gov/MARC21/slim http://www.loc.gov/standards/marcxml/schema/MARC21slim.xsd"><leader>02622nam a2200349 c 4500</leader><controlfield tag="001">991000020009705502</controlfield><controlfield tag="005">20210207120352.0</controlfield><controlfield tag="008">940830s1993    gr ||||| |||| 00| ||gre d</controlfield><datafield ind1=" " ind2=" " tag="020"><subfield code="a">9607262794</subfield></datafield><datafield ind1="7" ind2=" " tag="024"><subfield code="a">http://catalogue.bnf.fr/ark:/12148/cb42566039b</subfield><subfield code="2">uri</subfield></datafield><datafield ind1=" " ind2=" " tag="035"><subfield code="a">(swissbib)089099389-41slsp_network</subfield></datafield><datafield ind1=" " ind2=" " tag="035"><subfield code="a">089099389</subfield><subfield code="9">ExL</subfield></datafield><datafield ind1=" " ind2=" " tag="035"><subfield code="a">(RERO)1901594-41slsp</subfield></datafield><datafield ind1=" " ind2=" " tag="035"><subfield code="a">(EXLNZ-41SLSP_NETWORK)991125583159705501</subfield></datafield><datafield ind1=" " ind2=" " tag="040"><subfield code="a">RERO geulgm</subfield><subfield code="d">CH-ZuSLS</subfield></datafield><datafield ind1=" " ind2="7" tag="072"><subfield code="a">gr</subfield><subfield code="2">rero</subfield></datafield><datafield ind1="1" ind2=" " tag="100"><subfield code="6">880-01</subfield><subfield code="a">Zamárou, Réna</subfield><subfield code="0">(IDREF)153144130</subfield><subfield code="4">cre</subfield></datafield><datafield ind1="1" ind2=" " tag="880"><subfield code="6">100-01/(S</subfield><subfield code="a">Ζαμάρου, Ρένα</subfield></datafield><datafield ind1="1" ind2="0" tag="245"><subfield code="6">880-02</subfield><subfield code="a">&lt;&lt;Ho&gt;&gt; poiētēs Nikos Engonopoulos</subfield><subfield code="b">episkepsē topōn kai prosōpōn</subfield><subfield code="c">Rena Zamarou</subfield></datafield><datafield ind1="1" ind2="0" tag="880"><subfield code="6">245-02/(S</subfield><subfield code="a">&lt;&lt;Ο&gt;&gt; ποιητής Νίκος Εγγονόπουλος</subfield><subfield code="b">επίσκεψη τόπων και προσώπων</subfield><subfield code="c">Ρένα Ζαμάρου</subfield></datafield><datafield ind1="1" ind2=" " tag="246"><subfield code="a">Poii̲tí̲s Níkos Eṉgonópoulos</subfield><subfield code="b">epískepsi̲ tópo̲n kai prosó̲po̲n / Réna Zamárou</subfield></datafield><datafield ind1=" " ind2="1" tag="264"><subfield code="6">880-03</subfield><subfield code="a">Athí̲na</subfield><subfield code="b">Kardamí̲tsas</subfield><subfield code="c">1993</subfield></datafield><datafield ind1=" " ind2="1" tag="880"><subfield code="6">264-03/(S</subfield><subfield code="a">Αθήνα</subfield><subfield code="b">Καρδαμίτσας</subfield><subfield code="c">1993</subfield></datafield><datafield ind1=" " ind2=" " tag="300"><subfield code="a">141 p.</subfield><subfield code="c">21 cm</subfield></datafield><datafield ind1=" " ind2=" " tag="336"><subfield code="b">txt</subfield><subfield code="2">rdacontent</subfield></datafield><datafield ind1=" " ind2=" " tag="337"><subfield code="b">n</subfield><subfield code="2">rdamedia</subfield></datafield><datafield ind1=" " ind2=" " tag="338"><subfield code="b">nc</subfield><subfield code="2">rdacarrier</subfield></datafield><datafield ind1="1" ind2=" " tag="490"><subfield code="6">880-04</subfield><subfield code="a">Keímena kai kritikí̲ neoelli̲nikoú lógou</subfield></datafield><datafield ind1="0" ind2=" " tag="880"><subfield code="6">490-04/(S</subfield><subfield code="a">Κείμενα και κριτική νεοελληνικού λόγου</subfield></datafield><datafield ind1="1" ind2="7" tag="600"><subfield code="a">Engonópoulos, Níkos</subfield><subfield code="d">1910-1985</subfield><subfield code="0">(IDREF)026851407</subfield><subfield code="2">idref</subfield></datafield><datafield ind1=" " ind2="0" tag="830"><subfield code="6">880-05</subfield><subfield code="a">Keimena kai kritikē neoellēnikou logou</subfield><subfield code="w">(RERO)1943407-41slsp</subfield></datafield><datafield ind1=" " ind2="0" tag="880"><subfield code="6">830-05/(S</subfield><subfield code="a">Κείμενα και κριτική νεοελληνικού λόγου</subfield></datafield><datafield ind1=" " ind2=" " tag="900"><subfield code="a">REROnoselfmerge</subfield></datafield></record>
</metadata></record><resumptionToken>1900-01-01@all@UNIGE_ALL@marc21@5986462760005502</resumptionToken></ListRecords></OAI-PMH>